1650 2730
558 176 718 211 mn.
783 177 906 212 az.
1310 171 1406 221 15⁸

204 279 342 323 Terra
358 279 552 334 marique
569 280 710 322 victus
729 281 862 322 hostis
881 281 1045 324 Punico

259 345 463 400 Lugubre
483 347 668 387 mutavit
687 359 852 400 sagum.
1243 350 1274 370 '¹'

203 411 294 452 Aut
313 410 383 451 ille
401 418 576 452 centum
594 412 779 452 nobilem
799 413 970 454 cretam
989 414 1165 455 urbibus

258 476 406 516 Ventis
427 476 563 516 iturus
582 489 669 517 non
689 477 789 528 suis,
1347 479 1404 521 30

203 540 473 582 Exercitatas
493 549 568 582 aut
587 542 691 595 petit
710 542 857 595 Syrtes
877 542 999 595 Noto,

259 605 349 647 Aut
367 604 499 646 fertur
516 606 675 646 incerto
694 607 814 647 mari.

202 671 455 724 capaciores
474 670 578 711 affer
596 671 694 722 huc,
715 684 830 724 puer,
851 672 1048 726 scyphos,

258 735 319 776 Et
338 735 449 776 Chia
468 736 572 776 vina
591 743 668 777 aut
687 736 869 789 Lesbia3

201 799 292 851 Vel,
312 799 427 853 quod
446 799 653 841 fluentem
673 814 881 842 nauseam
900 807 1101 853 coerceat,
1345 801 1400 843 35

257 865 405 906 Metire
424 866 545 906 nobis
565 866 827 906 Caecubum.

202 930 362 970 Curam
382 937 629 983 metumque
649 931 844 972 Caesaris
862 943 1004 982 rerum
1016 931 1143 986 juvat

258 995 388 1036 Dulci
406 994 552 1048 Lyaeo
571 995 744 1036 solvere.

570 1355 808 1395 CARMEN
849 1355 898 1395 X.

375 1486 439 1513 IN
488 1486 779 1513 MAEVIUM
830 1486 1097 1515 POETAM.

271 1602 390 1644 Mala
409 1601 550 1642 soluta
570 1602 696 1642 navis
715 1602 805 1642 exit
824 1602 935 1654 alite,

326 1668 485 1708 Ferens
504 1667 690 1707 olentem
710 1667 942 1708 Maevium.

269 1732 330 1774 Ut
347 1732 526 1773 horridis
546 1739 776 1785 utrumque
796 1733 989 1773 verberes
1009 1733 1134 1785 latus,

326 1798 491 1848 Auster,
511 1804 726 1837 memento
745 1797 960 1838 fiuctibus.

271 1862 401 1915 Niger
419 1862 618 1902 rudentes
639 1862 796 1913 Eurus,
818 1863 985 1903 inverso
1004 1864 1122 1914 mari,
1372 1863 1399 1904 5

327 1928 587 1979 Fractusque
607 1940 743 1967 remos
764 1927 940 1967 differat.

273 1991 470 2045 Insurgat
491 1992 659 2044 Aquilo,
680 1999 867 2045 quantus
888 1992 986 2032 altis
1005 1992 1221 2034 montibus

328 2056 506 2109 Frangit
525 2063 751 2097 trementes
772 2056 912 2096 ilices:

275 2118 366 2160 Nec
386 2120 503 2161 sidus
523 2128 614 2161 atra
632 2129 755 2162 nocte
775 2121 964 2162 amicum
983 2126 1193 2175 appareat,

332 2183 439 2227 Qua
457 2185 585 2225 tristis
605 2186 735 2227 Orion
754 2186 869 2226 cadit
885 2200 894 2238 ;
1349 2183 1403 2224 10

279 2246 498 2291 Quietiore
518 2261 596 2289 nec
615 2250 773 2292 feratur
791 2263 984 2304 aequore,

333 2311 484 2356 Quam
503 2313 631 2354 Graia
650 2315 857 2356 victorum
876 2327 1043 2367 manUS,

613 2442 668 2475 34.
692 2443 759 2476 Aut
774 2443 867 2477 Chia.

715 2495 763 2535 ⁷*
