1612 2716
118 141 215 187 206
649 154 935 188 mmmm

114 257 318 298 Attamen
339 263 381 297 et
393 258 561 311 justum
580 264 746 311 poteras
766 266 807 300 et
827 259 1006 300 scribere
1025 260 1186 312 fortem,

114 322 361 375 Scipiadam
382 330 430 363 ut
450 323 619 376 sapiens
640 323 1039 365 Lucilius..—Haud
1060 326 1167 366 mihi
1186 326 1321 379 deero,

114 388 228 428 Cum
249 401 314 428 res
334 389 426 441 ipsa
446 388 560 429 feret.
620 389 715 430 Nisi
735 390 884 430 dextro
904 398 1100 444 tempore,
1123 393 1272 435 Flacci

114 454 251 494 Verba
271 467 344 507 per
364 461 570 495 attentam
591 468 678 495 non
698 456 822 496 ibunt
843 457 1039 497 Caesaris
1060 471 1219 510 aurem,

113 520 197 560 Cui
219 520 331 560 male
352 521 386 560 si
407 521 587 573 palpere,
609 521 846 562 recalcitrat
866 523 1058 576 undique
1079 531 1269 565 tutus.—-
1409 526 1467 568 20

112 586 292 630 Quanto
312 587 466 626 rectius
487 587 578 638 hoc,
601 599 734 639 quam
755 588 861 627 tristi
882 587 1047 629 laedere
1067 601 1195 630 versu

111 651 398 692 Pantolabum
419 664 610 692 scurram
630 652 1037 707 Nomentanumque
1057 661 1265 708 nepotem,

111 717 225 756 Cum
247 718 326 757 sibi
346 718 528 770 quisque
545 718 674 768 timet,
689 731 942 771 quanquam
954 726 1019 760 est
1038 721 1235 773 intaetuS,
1252 727 1294 762 et
1307 722 1466 764 odit..—

110 782 234 827 Quid
255 782 443 823 faciam'.z
502 783 641 824 Saltat
660 784 876 836 Milonius,
900 792 948 826 ut
969 787 1100 827 semel
1121 788 1204 828 icto

110 849 302 888 Accessit
321 848 459 889 fervor
478 850 607 903 capiti
626 863 919 904 numerusque
940 852 1149 905 lucernis;
1407 856 1463 897 25

110 915 261 955 Castor
281 915 440 968 gaudet
459 917 605 969 equis3
637 929 718 957 ovo
738 925 972 971 prognatus
992 919 1143 960 eodem

110 981 298 1034 Pugnis:
329 989 433 1034 quot
453 982 645 1035 capitum
665 983 830 1035 vivunt,
853 983 1030 1025 totidem
1049 985 1289 1028 studiorum

109 1046 258 1086 Millia.
318 1047 390 1087 Me
410 1047 590 1100 pedibus
611 1048 794 1088 delectat
812 1049 1011 1090 claudere
1032 1051 1162 1092 verba

108 1112 250 1152 Lucili
270 1113 363 1163 ritu,
386 1120 579 1154 nostrum
599 1114 783 1154 melioris
804 1122 995 1168 utroque.

109 1177 186 1217 Ille
207 1178 325 1218 velut
346 1178 444 1219 fidis
464 1192 622 1220 arcana
642 1179 861 1221 sodalibus
880 1181 983 1221 olim
1405 1184 1462 1224 30

108 1243 318 1284 Credebat
339 1244 465 1296 libris,
488 1258 640 1298 neque,
663 1246 699 1286 si
719 1246 833 1286 male
853 1253 1048 1299 cesserat,
1070 1260 1266 1300 unquam

108 1303 350 1350 Decurrens
371 1311 465 1362 alio,
487 1313 628 1364 neque
649 1313 685 1352 si
704 1312 836 1352 bene:
867 1326 953 1365 quo
974 1313 1033 1365 fit,
1055 1320 1103 1353 ut
1122 1314 1261 1354 omnis

107 1376 260 1417 Votiva
280 1384 424 1430 pateat
444 1378 578 1417 veluti
599 1377 808 1430 descripta
828 1378 986 1418 tabella

105 1442 203 1482 Vita
223 1442 349 1482 senis.
408 1443 573 1495 Sequor
592 1443 720 1493 hunc,
735 1443 941 1483 Lucanus
957 1456 1013 1483 an
1029 1443 1208 1496 ApuluS‚
1223 1457 1381 1499 anceps
1391 1460 1461 1486 :—

105 1507 221 1547 Nam
242 1508 489 1548 Venusinus
510 1515 602 1547 arat
622 1507 754 1548 finem
776 1509 857 1549 sub
877 1515 1107 1562 utrumque
1127 1510 1315 1563 colonus,
1401 1512 1457 1553 35

104 1572 266 1612 Missus
286 1574 341 1613 ad
362 1574 443 1614 hoc
463 1573 609 1626 pulsis,
631 1580 756 1614 vetus
776 1581 840 1614 est
860 1581 908 1614 ut
927 1574 1054 1626 fama,
1077 1576 1269 1628 Sabellis,

104 1639 208 1683 Quo
228 1651 282 1677 ne
303 1652 376 1691 per
396 1652 586 1678 vacuum
606 1640 803 1679 Romano
823 1641 1052 1680 incurreret
1073 1641 1217 1692 hostis,

102 1703 204 1744 Sive
224 1703 339 1755 quod
360 1704 503 1756 Apula
523 1717 628 1756 gens
650 1716 726 1743 seu
747 1704 861 1756 quod
882 1705 1078 1745 Lucania
1097 1706 1260 1747 bellum

103 1769 317 1809 Incuteret
337 1769 536 1808 violenta.
596 1769 682 1810 Sed
702 1765 772 1810 hic
793 1770 915 1810 stilus
936 1771 1055 1811 haud
1075 1779 1187 1825 petet
1207 1772 1317 1813 ultro

103 1836 385 1886 Quemquam
406 1835 681 1886 animantem,
703 1842 745 1875 et
764 1849 834 1876 me
854 1837 987 1877 veluti
1008 1838 1218 1878 custodiet
1238 1839 1352 1879 ensis
1399 1839 1456 1880 40

103 1901 270 1953 Vagina
291 1906 427 1939 tectus
445 1914 454 1951 3
487 1913 617 1952 quem
636 1914 714 1941 cur
734 1901 990 1956 destringere
1010 1916 1147 1955 coner,

103 1967 250 2008 Tutus
270 1966 326 2006 ab
346 1965 508 2006 infestis
530 1967 764 2008 latronibus
777 1968 797 2008 ’.ἲ
856 1968 894 2008 O
915 1975 1034 2021 pater
1053 1975 1094 2008 et
1113 1982 1188 2008 rex

102 2033 277 2085 Jupiter,
301 2038 349 2071 ut
369 2039 512 2084 pereat
531 2034 718 2086 positum
738 2034 932 2085 rubigine
953 2034 1098 2084 telum,

103 2099 195 2139 Nec
214 2098 445 2150 quisquam
466 2105 617 2138 noceat
637 2098 794 2151 cupido
814 2098 920 2138 mihi
941 2099 1058 2150 pacis
1075 2098 1083 2138 !
1143 2099 1201 2139 At
1221 2099 1303 2152 ille,

103 2163 196 2208 Qui
216 2176 285 2204 me
304 2163 750 2214 commorit,—1nelius
771 2176 857 2203 non
878 2170 1062 2216 tangere,
1083 2164 1283 2205 clamo—
1398 2165 1454 2206 45

104 2230 246 2271 Flebit
264 2235 306 2269 et
325 2229 503 2282 insignis
524 2235 612 2268 tota
631 2229 873 2269 cantabitur
893 2230 1007 2270 urbe.

1454 1287 1474 1308 l

255 2389 310 2422 20.
333 2389 523 2423 recalcitret.
610 2390 664 2422 24.
686 2395 722 2422 ut
737 2390 843 2422 simul.
930 2391 984 2423 31.
1007 2393 1035 2423 si
1049 2391 1136 2424 male
1152 2398 1302 2434 gesserat.

517 2442 571 2476 39.
594 2445 685 2484 petit.
770 2445 824 2476 45.
847 2444 1047 2477 commordit.
