1612 2716
178 175 269 244 16³2
742 206 936 239 EPODON

326 311 499 353 Unxere
518 317 675 351 matres
696 307 801 351 Iliae
822 310 1042 351 addictum
1063 309 1162 351 feris

325 377 510 417 Alitibus
531 384 658 428 atque
678 377 860 416 canibus
882 376 1144 416 homicidam
1166 375 1406 428 Hectorem,

325 443 559 494 Postquam
579 442 733 481 relictis
755 442 977 481 moenibus
998 455 1073 481 rex
1092 441 1271 494 procidit

324 507 448 548 Heu!
480 508 714 560 pervicacis
736 507 791 546 ad
812 506 940 560 pedes
961 507 1156 547 Achillei.

323 573 472 613 Setosa
493 573 610 612 duris
630 585 786 612 exuere
807 573 989 625 pellibus
1463 562 1517 612 15

323 639 542 679 Laboriosi
563 639 742 691 remiges
763 638 918 689 Ulixei,

324 705 499 744 Volente
521 704 656 754 Circa,
679 704 893 743 membra:
925 710 1030 743 tunc
1050 715 1173 743 mens
1193 708 1236 742 et
1254 714 1386 743 sonus

324 770 536 822 Relapsus
557 777 685 821 atque
706 775 832 811 notus
854 769 897 808 in
919 769 1066 808 vultus
1088 769 1232 808 honor.

266 837 271 842 '
324 834 437 874 Dedi
459 834 562 886 satis
583 846 794 886 superque
815 846 1050 886 poenarum
1070 834 1156 885 tibi,

323 901 481 940 Amata
501 900 645 939 nautis
667 899 854 938 multum
874 906 916 938 et
936 899 1209 939 institoribus.
1461 896 1519 939 20

261 982 275 996 ·
324 966 457 1018 Fugit
471 966 687 1018 juventas,
710 971 751 1004 et
771 964 1042 1004 verecundus
1062 964 1177 1004 color

322 1031 514 1082 Reliquit
532 1043 630 1069 ossa
651 1030 760 1082 pelle
781 1029 940 1069 amicta
960 1028 1126 1081 lurida3

325 1097 439 1136 Tuis
460 1095 641 1148 capillus
668 1095 792 1134 albus
813 1101 877 1133 est
897 1093 1107 1144 odoribus,

324 1161 510 1201 Nullum
532 1161 586 1200 ab
608 1161 747 1199 labore
768 1172 836 1199 me
857 1159 1033 1199 reclinat
1052 1159 1210 1198 otium:

325 1227 457 1279 Urget
478 1226 592 1265 diem
613 1238 699 1264 nox
719 1231 762 1264 et
782 1223 871 1264 dies
893 1231 1071 1274 noctem,
1095 1236 1235 1276 neque
1255 1228 1321 1263 est

325 1292 490 1332 Levare
512 1298 632 1330 tenta
652 1290 803 1342 spiritu
824 1289 1078 1342 praecordia.

325 1353 441 1409 Ergo
463 1363 668 1408 negatum
689 1355 836 1395 vincor
856 1362 904 1394 ut
924 1354 1096 1394 credam
1116 1353 1253 1405 miser,

324 1421 498 1463 Sabella
517 1427 665 1473 pectus
687 1420 901 1471 increpare
922 1419 1124 1469 carmina,

326 1488 554 1539 Caputque
576 1485 720 1524 Marsa
731 1484 843 1524 -dissi
851 1483 924 1523 lire
944 1483 1084 1523 nenia.

326 1551 449 1596 Quid
470 1550 655 1602 amplius
677 1549 772 1588 visit
832 1549 870 1588 Ο
892 1561 1019 1599 mare,
1041 1561 1065 1587 o
1087 1547 1220 1587 terra!
1251 1545 1389 1598 ardeo,

327 1617 559 1660 Quantum
580 1627 718 1665 neque
739 1620 829 1653 atro
849 1613 1065 1652 delibutus
1087 1611 1292 1652 Hercules

325 1682 449 1722 Nessi
470 1693 626 1729 cruore,
648 1692 725 1718 nec
747 1679 904 1719 Sicana
923 1677 1086 1718 fervida

327 1747 476 1786 Vircns
498 1745 542 1783 in
564 1745 703 1782 Aetna
724 1742 925 1793 flamma;
958 1748 1017 1792 tu,
1040 1741 1174 1781 donec
1194 1740 1303 1780 cinis

328 1809 546 1863 Injuriosis
568 1807 712 1847 aridus
734 1807 873 1846 ventis
894 1806 1012 1857 ferar,

328 1875 455 1915 Cales
476 1873 652 1913 venenis
673 1872 845 1912 officina
867 1871 1091 1911 Colchicis.

330 1941 458 1984 Quae
481 1938 580 1978 finis
602 1945 679 1977 aut
699 1937 815 1990 quoti
835 1950 903 1976 me
924 1943 1071 1976 manet
1091 1934 1382 1988 stipendium?

330 2004 498 2045 Effare:
523 2005 667 2058 jussas
689 2015 791 2042 cum
811 2001 897 2042 fide
917 2014 1076 2055 poenas
1096 2001 1228 2052 luam,

331 2071 513 2110 Paratus
534 2069 716 2121 expiare,
739 2081 814 2107 seu
836 2066 1073 2120 poposceris

331 2135 517 2174 Centum
531 2135 750 2187 juvencos,
772 2132 862 2172 sive
882 2130 1080 2172 mendaci
1099 2129 1194 2183 lyra

333 2199 459 2240 Voles
479 2198 620 2238 sonari
637 2213 646 2238 ε
678 2205 725 2238 tu
744 2196 915 2251 pudica,
937 2204 985 2236 tu
1004 2195 1135 2250 proba

334 2263 656 2305 Perambulabis
676 2269 790 2303 astra
809 2261 929 2302 sidus
949 2273 1141 2301 aureum.

296 2335 300 2339 ’
323 2323 516 2370 infamis
537 2327 728 2367 Helenae
749 2328 899 2367 Castor
918 2325 1106 2367 offensus
1126 2324 1267 2365 vicem

359 2441 411 2472 11.
434 2438 570 2471 Luxere.
662 2437 712 2469 ιε.
737 2436 882 2468 Relatus.
983 2437 1038 2469 30.
1062 2436 1091 2468 o
1107 2420 1196 2468 niue
1211 2439 1354 2467 ettam.

552 2489 605 2523 33.
627 2490 774 2529 Furens3
795 2499 899 2521 urens.
1000 2489 1054 2522 42.
1078 2490 1159 2521 vioe.
