<?xml version="1.0" encoding="UTF-8"?>
<!DOCTYPE html PUBLIC "-//W3C//DTD XHTML 1.0 Transitional//EN"
    "http://www.w3.org/TR/xhtml1/DTD/xhtml1-transitional.dtd">
<html xmlns="http://www.w3.org/1999/xhtml" xml:lang="en" lang="en">
 <head>
  <title>
</title>
<meta http-equiv="Content-Type" content="text/html;charset=utf-8" />
  <meta name='ocr-system' content='tesseract 3.04.00' />
  <meta name='ocr-capabilities' content='ocr_page ocr_carea ocr_par ocr_line ocrx_word'/>
</head>
<body>
  <div class='ocr_page' id='page_1' title='image "./workswithenglis00horauoft_0253.png"; bbox 0 0 1612 2716; ppageno 0'>
   <div class='ocr_carea' id='block_1_1' title="bbox 0 0 387 44">
    <p class='ocr_par' dir='ltr' id='par_1_1' title="bbox 0 0 387 44">
     <span class='ocr_line' id='line_1_1' title="bbox 0 0 387 44; baseline 0 2672"><span class='ocrx_word' id='word_1_1' title='bbox 0 0 387 44; x_wconf 95' lang='lat' dir='ltr'><strong> </strong></span> 
     </span>
    </p>
   </div>
   <div class='ocr_carea' id='block_1_2' title="bbox 518 199 1397 252">
    <p class='ocr_par' dir='ltr' id='par_1_2' title="bbox 518 199 1397 252">
     <span class='ocr_line' id='line_1_2' title="bbox 518 199 1397 252; baseline 0 -1"><span class='ocrx_word' id='word_1_2' title='bbox 518 216 751 251; x_wconf 72' lang='lat' dir='ltr'><strong>mn.</strong></span> <span class='ocrx_word' id='word_1_3' title='bbox 813 199 939 250; x_wconf 78' lang='lat' dir='ltr'><strong>s.11&#39;.</strong></span> <span class='ocrx_word' id='word_1_4' title='bbox 1296 204 1397 252; x_wconf 73' lang='lat'><strong>209</strong></span> 
     </span>
    </p>
   </div>
   <div class='ocr_carea' id='block_1_3' title="bbox 46 318 1405 2328">
    <p class='ocr_par' dir='ltr' id='par_1_3' title="bbox 46 318 1305 570">
     <span class='ocr_line' id='line_1_3' title="bbox 50 318 1153 374; baseline -0.003 -10"><span class='ocrx_word' id='word_1_5' title='bbox 50 318 461 364; x_wconf 66' lang='lat' dir='ltr'><strong>Nauboeisdilun.</strong></span> <span class='ocrx_word' id='word_1_6' title='bbox 517 320 928 374; x_wconf 81' lang='lat' dir='ltr'><strong>Forisestpromus,</strong></span> <span class='ocrx_word' id='word_1_7' title='bbox 947 326 1153 362; x_wconf 86' lang='lat' dir='ltr'><strong>etatrum</strong></span> 
     </span>
     <span class='ocr_line' id='line_1_4' title="bbox 46 386 1178 440; baseline -0.002 -11"><span class='ocrx_word' id='word_1_8' title='bbox 46 386 300 429; x_wconf 66' lang='lat' dir='ltr'><strong>&#39;Defiudens</strong></span> <span class='ocrx_word' id='word_1_9' title='bbox 318 387 455 440; x_wconf 81' lang='lat' dir='ltr'><strong>pisces</strong></span> <span class='ocrx_word' id='word_1_10' title='bbox 473 386 635 427; x_wconf 84' lang='lat' dir='ltr'><strong>hiemat</strong></span> <span class='ocrx_word' id='word_1_11' title='bbox 652 399 795 428; x_wconf 86' lang='lat' dir='ltr'><strong>mare:</strong></span> <span class='ocrx_word' id='word_1_12' title='bbox 822 399 926 428; x_wconf 86' lang='lat' dir='ltr'><strong>cum</strong></span> <span class='ocrx_word' id='word_1_13' title='bbox 945 386 1035 427; x_wconf 82' lang='lat' dir='ltr'><strong>sale</strong></span> <span class='ocrx_word' id='word_1_14' title='bbox 1053 386 1178 440; x_wconf 83' lang='lat' dir='ltr'><strong>panis</strong></span> 
     </span>
     <span class='ocr_line' id='line_1_5' title="bbox 51 451 1305 505; baseline -0.002 -11"><span class='ocrx_word' id='word_1_15' title='bbox 51 452 301 494; x_wconf 78' lang='lat' dir='ltr'><strong>Latrantem</strong></span> <span class='ocrx_word' id='word_1_16' title='bbox 319 452 592 492; x_wconf 87' lang='lat' dir='ltr'><strong>stomachum</strong></span> <span class='ocrx_word' id='word_1_17' title='bbox 610 452 718 492; x_wconf 88' lang='lat' dir='ltr'><strong>bene</strong></span> <span class='ocrx_word' id='word_1_18' title='bbox 736 451 877 492; x_wconf 87' lang='lat' dir='ltr'><strong>leniet.</strong></span> <span class='ocrx_word' id='word_1_19' title='bbox 934 451 1062 493; x_wconf 83' lang='lat' dir='ltr'><strong>Unde</strong></span> <span class='ocrx_word' id='word_1_20' title='bbox 1080 459 1208 505; x_wconf 85' lang='lat' dir='ltr'><strong>putas</strong></span> <span class='ocrx_word' id='word_1_21' title='bbox 1226 457 1305 492; x_wconf 85' lang='lat' dir='ltr'><strong>aut</strong></span> 
     </span>
     <span class='ocr_line' id='line_1_6' title="bbox 52 517 1088 570; baseline 0 -13"><span class='ocrx_word' id='word_1_22' title='bbox 52 518 148 563; x_wconf 73' lang='lat' dir='ltr'><strong>Qut</strong></span> <span class='ocrx_word' id='word_1_23' title='bbox 165 524 335 570; x_wconf 85' lang='lat' dir='ltr'><strong>partum</strong></span> <span class='ocrx_word' id='word_1_24' title='bbox 346 517 367 557; x_wconf 67' lang='grc' dir='ltr'><strong>’.Ι</strong></span> <span class='ocrx_word' id='word_1_25' title='bbox 424 517 523 558; x_wconf 86' lang='lat' dir='ltr'><strong>Non</strong></span> <span class='ocrx_word' id='word_1_26' title='bbox 542 517 588 558; x_wconf 91' lang='lat' dir='ltr'><strong>in</strong></span> <span class='ocrx_word' id='word_1_27' title='bbox 606 529 706 557; x_wconf 85' lang='lat' dir='ltr'><strong>caro</strong></span> <span class='ocrx_word' id='word_1_28' title='bbox 724 517 871 558; x_wconf 86' lang='lat' dir='ltr'><strong>nidore</strong></span> <span class='ocrx_word' id='word_1_29' title='bbox 889 517 1088 570; x_wconf 82' lang='lat' dir='ltr'><strong>voluptas</strong></span> 
     </span>
    </p>

    <p class='ocr_par' dir='ltr' id='par_1_4' title="bbox 51 581 1399 702">
     <span class='ocr_line' id='line_1_7' title="bbox 52 581 1399 636; baseline 0 -14"><span class='ocrx_word' id='word_1_30' title='bbox 52 583 247 632; x_wconf 87' lang='lat' dir='ltr'><strong>Summa,</strong></span> <span class='ocrx_word' id='word_1_31' title='bbox 267 582 341 622; x_wconf 87' lang='lat' dir='ltr'><strong>sed</strong></span> <span class='ocrx_word' id='word_1_32' title='bbox 361 582 407 623; x_wconf 93' lang='lat' dir='ltr'><strong>in</strong></span> <span class='ocrx_word' id='word_1_33' title='bbox 426 589 468 622; x_wconf 89' lang='lat' dir='ltr'><strong>te</strong></span> <span class='ocrx_word' id='word_1_34' title='bbox 486 581 579 635; x_wconf 82' lang='lat' dir='ltr'><strong>ipso</strong></span> <span class='ocrx_word' id='word_1_35' title='bbox 596 588 672 622; x_wconf 86' lang='lat' dir='ltr'><strong>est.</strong></span> <span class='ocrx_word' id='word_1_36' title='bbox 730 582 808 623; x_wconf 84' lang='lat' dir='ltr'><strong>&#39;Pu</strong></span> <span class='ocrx_word' id='word_1_37' title='bbox 825 582 1111 636; x_wconf 86' lang='lat' dir='ltr'><strong>pulmentaria</strong></span> <span class='ocrx_word' id='word_1_38' title='bbox 1127 595 1286 635; x_wconf 73' lang='lat' dir='ltr'><strong>quaere</strong></span> <span class='ocrx_word' id='word_1_39' title='bbox 1340 581 1399 623; x_wconf 52' lang='lat' dir='ltr'><strong>a)</strong></span> 
     </span>
     <span class='ocr_line' id='line_1_8' title="bbox 51 647 1224 702; baseline -0.003 -12"><span class='ocrx_word' id='word_1_40' title='bbox 51 647 285 690; x_wconf 82' lang='lat' dir='ltr'><strong>Sudando:</strong></span> <span class='ocrx_word' id='word_1_41' title='bbox 318 648 521 702; x_wconf 85' lang='lat' dir='ltr'><strong>pinguem</strong></span> <span class='ocrx_word' id='word_1_42' title='bbox 538 648 656 688; x_wconf 83' lang='lat' dir='ltr'><strong>vitiis</strong></span> <span class='ocrx_word' id='word_1_43' title='bbox 673 647 908 701; x_wconf 87' lang='lat' dir='ltr'><strong>albumque</strong></span> <span class='ocrx_word' id='word_1_44' title='bbox 927 660 1067 700; x_wconf 90' lang='lat' dir='ltr'><strong>neque</strong></span> <span class='ocrx_word' id='word_1_45' title='bbox 1085 655 1224 688; x_wconf 82' lang='lat' dir='ltr'><strong>ostrea</strong></span> 
     </span>
    </p>

    <p class='ocr_par' dir='ltr' id='par_1_5' title="bbox 53 711 1150 767">
     <span class='ocr_line' id='line_1_9' title="bbox 53 711 1150 767; baseline 0.001 -15"><span class='ocrx_word' id='word_1_46' title='bbox 53 711 149 753; x_wconf 84' lang='lat' dir='ltr'><strong>Nee</strong></span> <span class='ocrx_word' id='word_1_47' title='bbox 168 725 315 753; x_wconf 80' lang='lat' dir='ltr'><strong>scarus</strong></span> <span class='ocrx_word' id='word_1_48' title='bbox 334 719 410 753; x_wconf 82' lang='lat' dir='ltr'><strong>aut</strong></span> <span class='ocrx_word' id='word_1_49' title='bbox 428 713 579 766; x_wconf 82' lang='lat' dir='ltr'><strong>poterit</strong></span> <span class='ocrx_word' id='word_1_50' title='bbox 596 714 817 766; x_wconf 87' lang='lat' dir='ltr'><strong>peregrina</strong></span> <span class='ocrx_word' id='word_1_51' title='bbox 829 714 982 767; x_wconf 81' lang='lat' dir='ltr'><strong>juvare</strong></span> <span class='ocrx_word' id='word_1_52' title='bbox 1002 713 1150 766; x_wconf 82' lang='lat' dir='ltr'><strong>lagois.</strong></span> 
     </span>
    </p>

    <p class='ocr_par' dir='ltr' id='par_1_6' title="bbox 53 778 1104 832">
     <span class='ocr_line' id='line_1_10' title="bbox 53 778 1104 832; baseline 0 -12"><span class='ocrx_word' id='word_1_53' title='bbox 53 778 140 820; x_wconf 82' lang='lat' dir='ltr'><strong>Vix</strong></span> <span class='ocrx_word' id='word_1_54' title='bbox 158 786 303 819; x_wconf 79' lang='lat' dir='ltr'><strong>tamen</strong></span> <span class='ocrx_word' id='word_1_55' title='bbox 321 778 509 831; x_wconf 80' lang='lat' dir='ltr'>eripiam,</span> <span class='ocrx_word' id='word_1_56' title='bbox 529 779 665 831; x_wconf 89' lang='lat' dir='ltr'><strong>posito</strong></span> <span class='ocrx_word' id='word_1_57' title='bbox 683 791 850 832; x_wconf 82' lang='lat' dir='ltr'><strong>pavone</strong></span> <span class='ocrx_word' id='word_1_58' title='bbox 870 778 978 819; x_wconf 88' lang='lat' dir='ltr'><strong>velis</strong></span> <span class='ocrx_word' id='word_1_59' title='bbox 995 779 1104 832; x_wconf 87' lang='lat' dir='ltr'><strong>quin</strong></span> 
     </span>
    </p>

    <p class='ocr_par' dir='ltr' id='par_1_7' title="bbox 53 843 1040 898">
     <span class='ocr_line' id='line_1_11' title="bbox 53 843 1040 898; baseline 0 -14"><span class='ocrx_word' id='word_1_60' title='bbox 53 843 148 884; x_wconf 81' lang='lat' dir='ltr'><strong>Hoc</strong></span> <span class='ocrx_word' id='word_1_61' title='bbox 165 844 318 897; x_wconf 89' lang='lat' dir='ltr'><strong>potius,</strong></span> <span class='ocrx_word' id='word_1_62' title='bbox 338 856 472 896; x_wconf 89' lang='lat' dir='ltr'><strong>quam</strong></span> <span class='ocrx_word' id='word_1_63' title='bbox 484 843 815 898; x_wconf 80' lang='lat' dir='ltr'><strong>gallinatergere</strong></span> <span class='ocrx_word' id='word_1_64' title='bbox 832 844 1040 898; x_wconf 80' lang='lat' dir='ltr'><strong>palatum,</strong></span> 
     </span>
    </p>

    <p class='ocr_par' dir='ltr' id='par_1_8' title="bbox 54 899 1401 1027">
     <span class='ocr_line' id='line_1_12' title="bbox 54 899 1401 962; baseline 0.001 -13"><span class='ocrx_word' id='word_1_65' title='bbox 54 909 288 962; x_wconf 86' lang='lat' dir='ltr'><strong>Corruptus</strong></span> <span class='ocrx_word' id='word_1_66' title='bbox 306 899 432 948; x_wconf 61' lang='lat' dir='ltr'><strong>m</strong></span> <span class='ocrx_word' id='word_1_67' title='bbox 450 921 603 959; x_wconf 77' lang='lat' dir='ltr'><strong>nerum,</strong></span> <span class='ocrx_word' id='word_1_68' title='bbox 622 910 727 962; x_wconf 87' lang='lat' dir='ltr'><strong>quia</strong></span> <span class='ocrx_word' id='word_1_69' title='bbox 745 916 901 950; x_wconf 82' lang='lat' dir='ltr'><strong>veneat</strong></span> <span class='ocrx_word' id='word_1_70' title='bbox 919 922 1026 950; x_wconf 88' lang='lat' dir='ltr'><strong>auro</strong></span> <span class='ocrx_word' id='word_1_71' title='bbox 1342 909 1401 950; x_wconf 83' lang='lat'><strong>25</strong></span> 
     </span>
     <span class='ocr_line' id='line_1_13' title="bbox 55 972 1107 1027; baseline 0.002 -14"><span class='ocrx_word' id='word_1_72' title='bbox 55 972 173 1014; x_wconf 78' lang='lat' dir='ltr'><strong>Ram</strong></span> <span class='ocrx_word' id='word_1_73' title='bbox 190 974 285 1013; x_wconf 82' lang='lat' dir='ltr'><strong>avis</strong></span> <span class='ocrx_word' id='word_1_74' title='bbox 302 981 346 1013; x_wconf 91' lang='lat' dir='ltr'><strong>et</strong></span> <span class='ocrx_word' id='word_1_75' title='bbox 363 974 478 1027; x_wconf 87' lang='lat' dir='ltr'><strong>picta</strong></span> <span class='ocrx_word' id='word_1_76' title='bbox 497 974 658 1027; x_wconf 80' lang='lat' dir='ltr'><strong>pandat</strong></span> <span class='ocrx_word' id='word_1_77' title='bbox 677 974 923 1027; x_wconf 84' lang='lat' dir='ltr'><strong>spectacula</strong></span> <span class='ocrx_word' id='word_1_78' title='bbox 940 974 1107 1015; x_wconf 86' lang='lat' dir='ltr'><strong>cauda:</strong></span> 
     </span>
    </p>

    <p class='ocr_par' dir='ltr' id='par_1_9' title="bbox 55 1037 1403 1349">
     <span class='ocr_line' id='line_1_14' title="bbox 56 1037 1400 1094; baseline 0.001 -17"><span class='ocrx_word' id='word_1_79' title='bbox 56 1037 291 1090; x_wconf 81' lang='lat' dir='ltr'><strong>Tanquam</strong></span> <span class='ocrx_word' id='word_1_80' title='bbox 305 1037 471 1094; x_wconf 47' lang='lat' dir='ltr'><strong>atham</strong></span> <span class='ocrx_word' id='word_1_81' title='bbox 484 1040 661 1079; x_wconf 83' lang='lat' dir='ltr'><strong>attineat</strong></span> <span class='ocrx_word' id='word_1_82' title='bbox 674 1039 926 1092; x_wconf 81' lang='lat' dir='ltr'><strong>quidquam.</strong></span> <span class='ocrx_word' id='word_1_83' title='bbox 976 1040 1096 1080; x_wconf 90' lang='lat' dir='ltr'><strong>Num</strong></span> <span class='ocrx_word' id='word_1_84' title='bbox 1108 1043 1292 1079; x_wconf 83' lang='lat' dir='ltr'><strong>vesceris</strong></span> <span class='ocrx_word' id='word_1_85' title='bbox 1306 1039 1400 1090; x_wconf 87' lang='lat' dir='ltr'><strong>ista,</strong></span> 
     </span>
     <span class='ocr_line' id='line_1_15' title="bbox 55 1091 1323 1154; baseline 0.002 -13"><span class='ocrx_word' id='word_1_86' title='bbox 55 1103 207 1148; x_wconf 80' lang='lat' dir='ltr'><strong>Quam</strong></span> <span class='ocrx_word' id='word_1_87' title='bbox 226 1091 391 1151; x_wconf 62' lang='lat' dir='ltr'><strong>laudis,</strong></span> <span class='ocrx_word' id='word_1_88' title='bbox 410 1102 590 1154; x_wconf 64' lang='lat' dir='ltr'><strong>pluma&#39;l</strong></span> <span class='ocrx_word' id='word_1_89' title='bbox 618 1111 738 1143; x_wconf 79' lang='lat' dir='ltr'><strong>eoeto</strong></span> <span class='ocrx_word' id='word_1_90' title='bbox 755 1117 865 1143; x_wconf 91' lang='lat' dir='ltr'><strong>num</strong></span> <span class='ocrx_word' id='word_1_91' title='bbox 883 1103 1005 1143; x_wconf 83' lang='lat' dir='ltr'><strong>adest</strong></span> <span class='ocrx_word' id='word_1_92' title='bbox 1023 1104 1159 1143; x_wconf 86' lang='lat' dir='ltr'><strong>honor</strong></span> <span class='ocrx_word' id='word_1_93' title='bbox 1177 1103 1323 1144; x_wconf 67' lang='lat' dir='ltr'><strong>idemit</strong></span> 
     </span>
     <span class='ocr_line' id='line_1_16' title="bbox 56 1167 1189 1221; baseline -0.002 -11"><span class='ocrx_word' id='word_1_94' title='bbox 56 1169 197 1210; x_wconf 83' lang='lat' dir='ltr'><strong>Carne</strong></span> <span class='ocrx_word' id='word_1_95' title='bbox 216 1174 362 1207; x_wconf 87' lang='lat' dir='ltr'><strong>tamen</strong></span> <span class='ocrx_word' id='word_1_96' title='bbox 380 1168 583 1219; x_wconf 83' lang='lat' dir='ltr'><strong>quamvis</strong></span> <span class='ocrx_word' id='word_1_97' title='bbox 599 1167 740 1218; x_wconf 84' lang='lat' dir='ltr'><strong>distat,</strong></span> <span class='ocrx_word' id='word_1_98' title='bbox 760 1169 822 1208; x_wconf 90' lang='lat' dir='ltr'><strong>nil</strong></span> <span class='ocrx_word' id='word_1_99' title='bbox 841 1169 925 1208; x_wconf 82' lang='lat' dir='ltr'><strong>hac</strong></span> <span class='ocrx_word' id='word_1_100' title='bbox 944 1169 1084 1221; x_wconf 86' lang='lat' dir='ltr'><strong>magis</strong></span> <span class='ocrx_word' id='word_1_101' title='bbox 1102 1168 1189 1220; x_wconf 81' lang='lat' dir='ltr'><strong>illa,</strong></span> 
     </span>
     <span class='ocr_line' id='line_1_17' title="bbox 56 1231 1403 1286; baseline -0.001 -12"><span class='ocrx_word' id='word_1_102' title='bbox 56 1234 299 1286; x_wconf 82' lang='lat' dir='ltr'><strong>Imparibus</strong></span> <span class='ocrx_word' id='word_1_103' title='bbox 317 1231 463 1272; x_wconf 89' lang='lat' dir='ltr'><strong>formis</strong></span> <span class='ocrx_word' id='word_1_104' title='bbox 482 1231 710 1284; x_wconf 84' lang='lat' dir='ltr'><strong>deceptum</strong></span> <span class='ocrx_word' id='word_1_105' title='bbox 728 1239 769 1272; x_wconf 90' lang='lat' dir='ltr'><strong>te</strong></span> <span class='ocrx_word' id='word_1_106' title='bbox 788 1240 916 1285; x_wconf 84' lang='lat' dir='ltr'><strong>patet.</strong></span> <span class='ocrx_word' id='word_1_107' title='bbox 974 1233 1106 1272; x_wconf 84' lang='lat' dir='ltr'><strong>Esto:</strong></span> <span class='ocrx_word' id='word_1_108' title='bbox 1343 1232 1403 1273; x_wconf 84' lang='lat'><strong>30</strong></span> 
     </span>
     <span class='ocr_line' id='line_1_18' title="bbox 56 1297 1189 1349; baseline -0.003 -10"><span class='ocrx_word' id='word_1_109' title='bbox 56 1298 183 1340; x_wconf 87' lang='lat' dir='ltr'><strong>Unde</strong></span> <span class='ocrx_word' id='word_1_110' title='bbox 203 1298 355 1338; x_wconf 88' lang='lat' dir='ltr'><strong>datum</strong></span> <span class='ocrx_word' id='word_1_111' title='bbox 374 1297 517 1347; x_wconf 82' lang='lat' dir='ltr'><strong>sentis,</strong></span> <span class='ocrx_word' id='word_1_112' title='bbox 539 1297 667 1349; x_wconf 89' lang='lat' dir='ltr'><strong>lupus</strong></span> <span class='ocrx_word' id='word_1_113' title='bbox 686 1297 757 1337; x_wconf 88' lang='lat' dir='ltr'><strong>hic</strong></span> <span class='ocrx_word' id='word_1_114' title='bbox 778 1297 1007 1338; x_wconf 88' lang='lat' dir='ltr'><strong>Tiberinus</strong></span> <span class='ocrx_word' id='word_1_115' title='bbox 1026 1310 1083 1337; x_wconf 90' lang='lat' dir='ltr'><strong>an</strong></span> <span class='ocrx_word' id='word_1_116' title='bbox 1102 1297 1189 1337; x_wconf 90' lang='lat' dir='ltr'><strong>alto</strong></span> 
     </span>
    </p>

    <p class='ocr_par' dir='ltr' id='par_1_10' title="bbox 57 1362 1130 1417">
     <span class='ocr_line' id='line_1_19' title="bbox 57 1362 1130 1417; baseline -0.002 -13"><span class='ocrx_word' id='word_1_117' title='bbox 57 1365 223 1417; x_wconf 77' lang='lat' dir='ltr'><strong>Captus</strong></span> <span class='ocrx_word' id='word_1_118' title='bbox 241 1363 341 1413; x_wconf 88' lang='lat' dir='ltr'><strong>hiet,</strong></span> <span class='ocrx_word' id='word_1_119' title='bbox 362 1370 566 1415; x_wconf 61' lang='lat' dir='ltr'><strong>ponte-me</strong></span> <span class='ocrx_word' id='word_1_120' title='bbox 584 1364 693 1403; x_wconf 90' lang='lat' dir='ltr'><strong>inter</strong></span> <span class='ocrx_word' id='word_1_121' title='bbox 703 1364 892 1417; x_wconf 80' lang='lat' dir='ltr'><strong>jactatus</strong></span> <span class='ocrx_word' id='word_1_122' title='bbox 910 1375 968 1402; x_wconf 88' lang='lat' dir='ltr'><strong>an</strong></span> <span class='ocrx_word' id='word_1_123' title='bbox 988 1362 1130 1402; x_wconf 85' lang='lat' dir='ltr'><strong>amnis</strong></span> 
     </span>
    </p>

    <p class='ocr_par' dir='ltr' id='par_1_11' title="bbox 57 1428 1124 1479">
     <span class='ocr_line' id='line_1_20' title="bbox 57 1428 1124 1479; baseline -0.002 -9"><span class='ocrx_word' id='word_1_124' title='bbox 57 1429 182 1470; x_wconf 80' lang='lat' dir='ltr'><strong>Ostia</strong></span> <span class='ocrx_word' id='word_1_125' title='bbox 199 1429 283 1469; x_wconf 82' lang='lat' dir='ltr'><strong>sub</strong></span> <span class='ocrx_word' id='word_1_126' title='bbox 300 1428 439 1468; x_wconf 81' lang='lat' dir='ltr'><strong>&#39;rusci</strong></span> <span class='ocrx_word' id='word_1_127' title='bbox 450 1428 471 1468; x_wconf 64' lang='grc' dir='ltr'><strong>’.ἲ</strong></span> <span class='ocrx_word' id='word_1_128' title='bbox 527 1428 717 1479; x_wconf 81' lang='lat' dir='ltr'><strong>Laudas,</strong></span> <span class='ocrx_word' id='word_1_129' title='bbox 736 1429 899 1479; x_wconf 60' lang='lat' dir='ltr'><strong>insane,</strong></span> <span class='ocrx_word' id='word_1_130' title='bbox 920 1428 1124 1468; x_wconf 77' lang='lat' dir='ltr'><strong>trilibrem</strong></span> 
     </span>
    </p>

    <p class='ocr_par' dir='ltr' id='par_1_12' title="bbox 57 1493 1402 1677">
     <span class='ocr_line' id='line_1_21' title="bbox 57 1493 1383 1547; baseline -0.002 -12"><span class='ocrx_word' id='word_1_131' title='bbox 57 1494 259 1545; x_wconf 77' lang='lat' dir='ltr'><strong>Mullum,</strong></span> <span class='ocrx_word' id='word_1_132' title='bbox 278 1495 324 1534; x_wconf 91' lang='lat' dir='ltr'><strong>in</strong></span> <span class='ocrx_word' id='word_1_133' title='bbox 343 1493 514 1547; x_wconf 86' lang='lat' dir='ltr'><strong>singula</strong></span> <span class='ocrx_word' id='word_1_134' title='bbox 531 1506 663 1546; x_wconf 90' lang='lat' dir='ltr'><strong>quem</strong></span> <span class='ocrx_word' id='word_1_135' title='bbox 682 1494 855 1534; x_wconf 88' lang='lat' dir='ltr'><strong>minuas</strong></span> <span class='ocrx_word' id='word_1_136' title='bbox 873 1493 1096 1546; x_wconf 86' lang='lat' dir='ltr'><strong>pulmenta</strong></span> <span class='ocrx_word' id='word_1_137' title='bbox 1113 1505 1288 1533; x_wconf 64' lang='lat' dir='ltr'><strong>neeesse</strong></span> <span class='ocrx_word' id='word_1_138' title='bbox 1305 1499 1383 1533; x_wconf 70' lang='lat' dir='ltr'><strong>oet.</strong></span> 
     </span>
     <span class='ocr_line' id='line_1_22' title="bbox 58 1557 1402 1612; baseline -0.001 -12"><span class='ocrx_word' id='word_1_139' title='bbox 58 1559 192 1600; x_wconf 85' lang='lat' dir='ltr'><strong>Ducit</strong></span> <span class='ocrx_word' id='word_1_140' title='bbox 210 1567 251 1599; x_wconf 85' lang='lat' dir='ltr'><strong>te</strong></span> <span class='ocrx_word' id='word_1_141' title='bbox 271 1559 445 1612; x_wconf 81' lang='lat' dir='ltr'><strong>species,</strong></span> <span class='ocrx_word' id='word_1_142' title='bbox 466 1558 614 1600; x_wconf 86' lang='lat' dir='ltr'><strong>video:</strong></span> <span class='ocrx_word' id='word_1_143' title='bbox 643 1572 731 1612; x_wconf 90' lang='lat' dir='ltr'><strong>quo</strong></span> <span class='ocrx_word' id='word_1_144' title='bbox 750 1559 930 1612; x_wconf 85' lang='lat' dir='ltr'><strong>pertinet</strong></span> <span class='ocrx_word' id='word_1_145' title='bbox 948 1571 1060 1612; x_wconf 81' lang='lat' dir='ltr'><strong>erge,</strong></span> <span class='ocrx_word' id='word_1_146' title='bbox 1344 1557 1402 1599; x_wconf 83' lang='lat'><strong>35</strong></span> 
     </span>
     <span class='ocr_line' id='line_1_23' title="bbox 57 1624 1051 1677; baseline -0.001 -12"><span class='ocrx_word' id='word_1_147' title='bbox 57 1625 257 1666; x_wconf 84' lang='lat' dir='ltr'><strong>Proceros</strong></span> <span class='ocrx_word' id='word_1_148' title='bbox 274 1624 415 1664; x_wconf 86' lang='lat' dir='ltr'><strong>odisse</strong></span> <span class='ocrx_word' id='word_1_149' title='bbox 434 1624 590 1677; x_wconf 74' lang='lat' dir='ltr'><strong>lupos?</strong></span> <span class='ocrx_word' id='word_1_150' title='bbox 646 1625 768 1670; x_wconf 80' lang='lat' dir='ltr'><strong>Quia</strong></span> <span class='ocrx_word' id='word_1_151' title='bbox 787 1624 948 1664; x_wconf 85' lang='lat' dir='ltr'><strong>scilieet</strong></span> <span class='ocrx_word' id='word_1_152' title='bbox 966 1624 1051 1664; x_wconf 88' lang='lat' dir='ltr'><strong>illis</strong></span> 
     </span>
    </p>

    <p class='ocr_par' dir='ltr' id='par_1_13' title="bbox 58 1687 1216 1808">
     <span class='ocr_line' id='line_1_24' title="bbox 59 1687 1216 1743; baseline -0.001 -13"><span class='ocrx_word' id='word_1_153' title='bbox 59 1689 264 1743; x_wconf 69' lang='lat' dir='ltr'><strong>majorem</strong></span> <span class='ocrx_word' id='word_1_154' title='bbox 281 1697 438 1729; x_wconf 88' lang='lat' dir='ltr'><strong>natura</strong></span> <span class='ocrx_word' id='word_1_155' title='bbox 455 1688 635 1729; x_wconf 90' lang='lat' dir='ltr'><strong>modum</strong></span> <span class='ocrx_word' id='word_1_156' title='bbox 653 1689 781 1741; x_wconf 87' lang='lat' dir='ltr'><strong>dedit,</strong></span> <span class='ocrx_word' id='word_1_157' title='bbox 801 1690 871 1730; x_wconf 88' lang='lat' dir='ltr'><strong>his</strong></span> <span class='ocrx_word' id='word_1_158' title='bbox 889 1690 1017 1730; x_wconf 86' lang='lat' dir='ltr'><strong>breve</strong></span> <span class='ocrx_word' id='word_1_159' title='bbox 1035 1687 1216 1742; x_wconf 84' lang='lat' dir='ltr'><strong>pondus.</strong></span> 
     </span>
     <span class='ocr_line' id='line_1_25' title="bbox 58 1754 1014 1808; baseline -0.001 -12"><span class='ocrx_word' id='word_1_160' title='bbox 58 1754 238 1808; x_wconf 85' lang='lat' dir='ltr'><strong>Jejunus</strong></span> <span class='ocrx_word' id='word_1_161' title='bbox 257 1767 350 1794; x_wconf 90' lang='lat' dir='ltr'><strong>raro</strong></span> <span class='ocrx_word' id='word_1_162' title='bbox 368 1755 616 1795; x_wconf 69' lang='lat' dir='ltr'><strong>stomachus</strong></span> <span class='ocrx_word' id='word_1_163' title='bbox 634 1755 831 1808; x_wconf 82' lang='lat' dir='ltr'><strong>vulgaria</strong></span> <span class='ocrx_word' id='word_1_164' title='bbox 851 1755 1014 1795; x_wconf 85' lang='lat' dir='ltr'><strong>temnit.</strong></span> 
     </span>
    </p>

    <p class='ocr_par' dir='ltr' id='par_1_14' title="bbox 59 1819 1080 1873">
     <span class='ocr_line' id='line_1_26' title="bbox 59 1819 1080 1873; baseline 0 -14"><span class='ocrx_word' id='word_1_165' title='bbox 59 1819 305 1859; x_wconf 86' lang='lat' dir='ltr'><strong>Porrectum</strong></span> <span class='ocrx_word' id='word_1_166' title='bbox 323 1832 483 1872; x_wconf 87' lang='lat' dir='ltr'><strong>magno</strong></span> <span class='ocrx_word' id='word_1_167' title='bbox 500 1833 710 1873; x_wconf 86' lang='lat' dir='ltr'><strong>magnum</strong></span> <span class='ocrx_word' id='word_1_168' title='bbox 728 1828 917 1873; x_wconf 85' lang='lat' dir='ltr'><strong>spectare</strong></span> <span class='ocrx_word' id='word_1_169' title='bbox 936 1821 1080 1860; x_wconf 83' lang='lat' dir='ltr'><strong>catino</strong></span> 
     </span>
    </p>

    <p class='ocr_par' dir='ltr' id='par_1_15' title="bbox 59 1883 1403 2132">
     <span class='ocr_line' id='line_1_27' title="bbox 59 1883 1403 1938; baseline 0.001 -15"><span class='ocrx_word' id='word_1_170' title='bbox 59 1884 237 1934; x_wconf 82' lang='lat' dir='ltr'><strong>Vellem,</strong></span> <span class='ocrx_word' id='word_1_171' title='bbox 252 1885 311 1923; x_wconf 88' lang='lat' dir='ltr'><strong>ait</strong></span> <span class='ocrx_word' id='word_1_172' title='bbox 330 1884 534 1936; x_wconf 83' lang='lat' dir='ltr'><strong>Harpyiis</strong></span> <span class='ocrx_word' id='word_1_173' title='bbox 554 1885 658 1937; x_wconf 87' lang='lat' dir='ltr'><strong>gula</strong></span> <span class='ocrx_word' id='word_1_174' title='bbox 675 1885 809 1938; x_wconf 89' lang='lat' dir='ltr'><strong>digna</strong></span> <span class='ocrx_word' id='word_1_175' title='bbox 826 1886 1065 1938; x_wconf 80' lang='lat' dir='ltr'><strong>rapacibus.</strong></span> <span class='ocrx_word' id='word_1_176' title='bbox 1122 1885 1181 1926; x_wconf 80' lang='lat' dir='ltr'><strong>At</strong></span> <span class='ocrx_word' id='word_1_177' title='bbox 1198 1897 1289 1936; x_wconf 82' lang='lat' dir='ltr'><strong>vos,</strong></span> <span class='ocrx_word' id='word_1_178' title='bbox 1345 1883 1403 1924; x_wconf 87' lang='grc'><strong>40</strong></span> 
     </span>
     <span class='ocr_line' id='line_1_28' title="bbox 61 1949 1386 2003; baseline 0.002 -15"><span class='ocrx_word' id='word_1_179' title='bbox 61 1949 310 1989; x_wconf 63' lang='grc' dir='ltr'><strong>Ρηιωοηῐω</strong></span> <span class='ocrx_word' id='word_1_180' title='bbox 328 1949 486 1999; x_wconf 81' lang='lat' dir='ltr'><strong>Austri,</strong></span> <span class='ocrx_word' id='word_1_181' title='bbox 505 1949 675 2001; x_wconf 80' lang='lat' dir='ltr'><strong>coquite</strong></span> <span class='ocrx_word' id='word_1_182' title='bbox 694 1950 849 1990; x_wconf 88' lang='lat' dir='ltr'><strong>horum</strong></span> <span class='ocrx_word' id='word_1_183' title='bbox 866 1950 1069 1990; x_wconf 85' lang='lat' dir='ltr'><strong>obsonia!</strong></span> <span class='ocrx_word' id='word_1_184' title='bbox 1113 1951 1386 2003; x_wconf 76' lang='lat' dir='ltr'><strong>Quanquam</strong></span> 
     </span>
     <span class='ocr_line' id='line_1_29' title="bbox 60 2013 1266 2067; baseline 0.002 -14"><span class='ocrx_word' id='word_1_185' title='bbox 60 2013 189 2054; x_wconf 83' lang='lat' dir='ltr'><strong>Putet</strong></span> <span class='ocrx_word' id='word_1_186' title='bbox 207 2026 310 2067; x_wconf 86' lang='lat' dir='ltr'><strong>aper</strong></span> <span class='ocrx_word' id='word_1_187' title='bbox 326 2014 617 2066; x_wconf 89' lang='lat' dir='ltr'><strong>rhombusque</strong></span> <span class='ocrx_word' id='word_1_188' title='bbox 637 2026 795 2064; x_wconf 85' lang='lat' dir='ltr'><strong>recens,</strong></span> <span class='ocrx_word' id='word_1_189' title='bbox 814 2014 933 2053; x_wconf 87' lang='lat' dir='ltr'><strong>mala</strong></span> <span class='ocrx_word' id='word_1_190' title='bbox 949 2014 1073 2067; x_wconf 84' lang='lat' dir='ltr'><strong>eopia</strong></span> <span class='ocrx_word' id='word_1_191' title='bbox 1090 2014 1266 2067; x_wconf 80' lang='lat' dir='ltr'><strong>quando</strong></span> 
     </span>
     <span class='ocr_line' id='line_1_30' title="bbox 62 2078 1231 2132; baseline 0.002 -14"><span class='ocrx_word' id='word_1_192' title='bbox 62 2078 252 2131; x_wconf 80' lang='lat' dir='ltr'><strong>Aegrum</strong></span> <span class='ocrx_word' id='word_1_193' title='bbox 270 2079 469 2119; x_wconf 86' lang='lat' dir='ltr'><strong>sollicitat</strong></span> <span class='ocrx_word' id='word_1_194' title='bbox 487 2079 769 2130; x_wconf 84' lang='lat' dir='ltr'><strong>stomachum,</strong></span> <span class='ocrx_word' id='word_1_195' title='bbox 789 2092 892 2119; x_wconf 83' lang='lat' dir='ltr'><strong>eum</strong></span> <span class='ocrx_word' id='word_1_196' title='bbox 912 2079 1061 2132; x_wconf 82' lang='lat' dir='ltr'><strong>rapula</strong></span> <span class='ocrx_word' id='word_1_197' title='bbox 1078 2079 1231 2132; x_wconf 89' lang='lat' dir='ltr'><strong>plenus</strong></span> 
     </span>
    </p>

    <p class='ocr_par' dir='ltr' id='par_1_16' title="bbox 63 2143 1405 2328">
     <span class='ocr_line' id='line_1_31' title="bbox 63 2143 1317 2194; baseline 0.002 -12"><span class='ocrx_word' id='word_1_198' title='bbox 63 2143 203 2194; x_wconf 84' lang='lat' dir='ltr'><strong>Atque</strong></span> <span class='ocrx_word' id='word_1_199' title='bbox 222 2143 369 2183; x_wconf 82' lang='lat' dir='ltr'><strong>acidas</strong></span> <span class='ocrx_word' id='word_1_200' title='bbox 387 2144 557 2184; x_wconf 84' lang='lat' dir='ltr'><strong>mavult</strong></span> <span class='ocrx_word' id='word_1_201' title='bbox 574 2144 729 2185; x_wconf 92' lang='lat' dir='ltr'><strong>inulas.</strong></span> <span class='ocrx_word' id='word_1_202' title='bbox 787 2144 986 2185; x_wconf 87' lang='lat' dir='ltr'><strong>Necdum</strong></span> <span class='ocrx_word' id='word_1_203' title='bbox 1004 2145 1145 2186; x_wconf 86' lang='lat' dir='ltr'><strong>omnis</strong></span> <span class='ocrx_word' id='word_1_204' title='bbox 1162 2146 1317 2185; x_wconf 83' lang='lat' dir='ltr'><strong>abacta</strong></span> 
     </span>
     <span class='ocr_line' id='line_1_32' title="bbox 63 2208 1405 2262; baseline 0 -14"><span class='ocrx_word' id='word_1_205' title='bbox 63 2208 293 2260; x_wconf 84' lang='lat' dir='ltr'><strong>Pauperies</strong></span> <span class='ocrx_word' id='word_1_206' title='bbox 310 2208 448 2260; x_wconf 85' lang='lat' dir='ltr'><strong>epulis</strong></span> <span class='ocrx_word' id='word_1_207' title='bbox 466 2221 642 2262; x_wconf 88' lang='lat' dir='ltr'><strong>regum:</strong></span> <span class='ocrx_word' id='word_1_208' title='bbox 671 2222 776 2250; x_wconf 87' lang='lat' dir='ltr'><strong>nam</strong></span> <span class='ocrx_word' id='word_1_209' title='bbox 793 2210 952 2250; x_wconf 83' lang='lat' dir='ltr'><strong>vilibus</strong></span> <span class='ocrx_word' id='word_1_210' title='bbox 970 2210 1065 2253; x_wconf 79' lang='lat' dir='ltr'><strong>ovis</strong></span> <span class='ocrx_word' id='word_1_211' title='bbox 1348 2208 1405 2248; x_wconf 83' lang='lat'><strong>45</strong></span> 
     </span>
     <span class='ocr_line' id='line_1_33' title="bbox 64 2271 1240 2328; baseline 0.003 -16"><span class='ocrx_word' id='word_1_212' title='bbox 64 2271 291 2324; x_wconf 88' lang='lat' dir='ltr'><strong>Nigrisque</strong></span> <span class='ocrx_word' id='word_1_213' title='bbox 308 2279 374 2311; x_wconf 85' lang='lat' dir='ltr'><strong>est</strong></span> <span class='ocrx_word' id='word_1_214' title='bbox 391 2272 494 2312; x_wconf 91' lang='lat' dir='ltr'><strong>oleis</strong></span> <span class='ocrx_word' id='word_1_215' title='bbox 512 2273 639 2314; x_wconf 88' lang='lat' dir='ltr'><strong>hodie</strong></span> <span class='ocrx_word' id='word_1_216' title='bbox 657 2274 789 2315; x_wconf 83' lang='lat' dir='ltr'><strong>loeus.</strong></span> <span class='ocrx_word' id='word_1_217' title='bbox 845 2275 978 2316; x_wconf 87' lang='lat' dir='ltr'><strong>Haud</strong></span> <span class='ocrx_word' id='word_1_218' title='bbox 996 2276 1058 2316; x_wconf 84' lang='lat' dir='ltr'><strong>ita</strong></span> <span class='ocrx_word' id='word_1_219' title='bbox 1074 2274 1240 2328; x_wconf 88' lang='lat' dir='ltr'><strong>pridem</strong></span> 
     </span>
    </p>
   </div>
   <div class='ocr_carea' id='block_1_4' title="bbox 150 2420 1287 2516">
    <p class='ocr_par' dir='ltr' id='par_1_17' title="bbox 150 2420 1287 2516">
     <span class='ocr_line' id='line_1_34' title="bbox 150 2420 1166 2462; baseline -0.001 -8"><span class='ocrx_word' id='word_1_220' title='bbox 150 2420 273 2459; x_wconf 56' lang='lat' dir='ltr'><strong>Sam.</strong></span> <span class='ocrx_word' id='word_1_221' title='bbox 295 2420 1166 2462; x_wconf 53' lang='lat' dir='ltr'><strong>&amp;mammam-taihhnemgisinam</strong></span> 
     </span>
     <span class='ocr_line' id='line_1_35' title="bbox 297 2473 1287 2516; baseline -0.001 -11"><span class='ocrx_word' id='word_1_222' title='bbox 297 2473 967 2516; x_wconf 68' lang='lat' dir='ltr'><strong>Impasihmfitanisdoeqnumoepetm!</strong></span> <span class='ocrx_word' id='word_1_223' title='bbox 1011 2475 1108 2506; x_wconf 59' lang='lat' dir='ltr'><strong>rao:</strong></span> <span class='ocrx_word' id='word_1_224' title='bbox 1134 2473 1287 2505; x_wconf 63' lang='lat' dir='ltr'><strong>Onlliu</strong></span> 
     </span>
    </p>
   </div>
  </div>
 </body>
</html>
