1650 2730
195 206 289 253 132

735 220 1000 252 CARMINUM

444 323 675 366 Sordidum
694 323 896 363 fiammae
916 324 1128 378 trepidant
1147 331 1337 367 rotantes

555 389 718 430 Vertice
739 388 923 430 fumum.

443 519 504 560 Ut
523 525 668 559 tamen
688 520 801 559 noris
821 520 979 572 quibus
999 520 1221 561 advoceris

445 584 638 635 Gaudiis,
660 584 764 625 Idus
784 585 860 625 tibi
881 591 983 625 sunt
1002 585 1211 638 agendae,

444 650 536 695 Qui
557 649 647 689 dies
668 663 861 690 mensem
885 651 1061 691 Veneris
1081 651 1274 691 marinae

556 714 705 755 Findit
724 715 927 768 Aprilem,

444 844 547 886 Jure
568 845 785 885 sollemnis
805 845 912 894 mihi
934 846 1203 899 sanctiorque

443 911 586 952 Paene
606 911 739 951 natali
758 912 932 964 proprio,
954 911 1070 964 quod
1090 926 1144 952 ex
1166 912 1248 953 hac

443 976 562 1017 Luce
584 977 814 1016 Maecenas
834 990 956 1017 meus
977 976 1203 1018 affluentes

557 1041 739 1082 Ordinat
759 1054 906 1082 annos.

445 1172 703 1225 Telephum,
726 1185 857 1225 quem
877 1179 924 1212 tu
946 1172 1066 1225 petis,
1086 1171 1326 1225 occupavit,

445 1238 543 1278 Non
564 1244 663 1277 tuae
684 1238 805 1277 sortis
820 1239 1037 1291 juvenem,
1059 1237 1204 1290 puella

447 1303 580 1344 Dives
602 1309 643 1342 et
664 1303 835 1355 lasciva,
846 1309 1044 1355 tenetque
1065 1309 1186 1356 grata

558 1368 775 1422 Compede
796 1369 1004 1408 vinctum.

444 1501 595 1541 Terret
615 1500 841 1540 ambustus
862 1498 1087 1539 Phaethon
1107 1509 1262 1536 avaras

444 1566 562 1618 SpeS‚
584 1571 625 1604 et
645 1564 892 1616 exemplum
912 1575 1041 1615 grave
1061 1562 1231 1614 praebet
1251 1560 1341 1601 ales

445 1631 649 1683 Pegasus,
660 1637 872 1669 terrenum
892 1628 1079 1680 equitem
1100 1632 1304 1680 gravatus

556 1694 934 1746 Bellerophontem,

444 1824 619 1875 Semper
639 1829 687 1862 ut
708 1828 747 1861 te
768 1822 899 1874 digna
920 1834 1098 1874 sequare
1118 1827 1160 1861 et
1179 1820 1293 1861 ultra

445 1889 597 1932 Quam
618 1887 714 1926 licet
735 1899 900 1939 sperare
921 1885 1042 1926 nefas
1062 1885 1265 1938 putando,

444 1953 669 2005 Disparem
691 1952 810 1992 vites.
870 1952 962 2004 Age
976 1953 1079 2005 jam,
1102 1963 1294 1992 meorum

558 2018 681 2057 Finis
701 2030 958 2068 amorum,—

444 2146 542 2187 Non
562 2147 679 2186 enim
700 2147 878 2199 posthac
898 2145 984 2185 alia
1003 2144 1151 2184 calebo

445 2211 885 2251 Femina—condisce
906 2209 1064 2260 modos,
1087 2208 1276 2249 amanda

445 2276 557 2317 Voce
577 2289 684 2328 quos
705 2275 880 2315 reddas:
911 2275 1157 2315 minuentur
1177 2280 1295 2315 atrae

557 2341 756 2382 Carmine
777 2353 915 2380 curae.

688 2469 727 2503 G.
744 2471 787 2502 xi.
808 2470 857 2502 13.
881 2468 1048 2502 advocere.

1493 651 1547 692 15

1486 1041 1547 1082 20

1486 1495 1544 1537 25

1484 2271 1542 2312 35
