1612 2716
520 201 733 236 amr.
796 202 917 236 ιν.
1292 188 1394 238 189,

101 370 245 423 ssusa,
263 371 395 411 velim
413 383 631 420 memores,
650 377 694 409 et
711 382 799 422 quo
816 378 936 422 patre
954 377 1083 410 natus
1103 375 1281 422 uterque

103 437 341 478 Contulerit
358 436 466 477 lites.
523 435 656 476 Messi
674 435 840 475 clarum
858 447 996 488 genus
1014 434 1142 486 Osci;

104 502 318 543 Sarmenti
334 501 510 541 domina
529 507 693 540 exstat:
723 500 781 539 ab
798 500 867 539 his
886 500 1116 553 majoribus
1133 499 1213 539 orti
1334 500 1389 539 55

103 565 175 607 Ad
192 579 385 620 pugnam
403 578 568 606 venene.
626 565 744 604 Prior
761 565 1038 605 Sarmentus:
1070 564 1187 616 eqii
1205 570 1247 603 te

105 631 216 674 Esse
233 631 312 672 seri
329 630 524 680 similem,
544 629 651 670 dico.
707 629 929 680 Ridemus,
949 636 991 668 et
1010 630 1101 682 ipse

104 695 316 737 Messius:
345 695 546 748 Accipio3
575 701 707 747 caput
725 701 768 734 et
786 701 941 734 movet.
1001 694 1054 744 Ο,
1074 700 1151 733 tua
1168 705 1306 734 cornu

108 759 169 801 Ni
186 762 292 801 toret
308 767 481 800 exsecto
498 758 625 810 frons,
645 759 795 812 inquit,
810 758 916 811 quid
934 758 1106 809 faceres,
1125 770 1229 799 cum

106 825 180 867 Sic
197 824 377 866 mutilus
394 824 631 865 miniteris?
686 825 746 864 At
764 824 826 864 illi
845 823 970 864 foeda
986 823 1164 864 cicatrix
1338 822 1396 863 60

106 890 303 932 Setoeam
320 890 432 930 laevi
450 888 632 930 frontem
651 896 894 942 turpaverat
910 889 1007 929 oris.

108 954 383 1007 Campanum
401 954 447 994 in
464 954 673 1004 morbum,
693 954 739 994 in
758 953 913 994 faciem
932 953 1145 1006 permulta
1155 953 1339 1006 jocantis,

107 1018 330 1059 Pastorem
346 1018 519 1058 saltaret
537 1019 601 1058 uti
619 1018 823 1071 Cyclopa,
842 1019 1042 1071 rogabat:

110 1082 184 1124 Nil
202 1081 266 1122 illi
282 1082 403 1122 larva
420 1089 497 1122 aut
514 1083 685 1134 tragicis
702 1095 811 1135 opus
828 1095 924 1122 oese
942 1082 1174 1121 cothurnis.

110 1147 253 1188 Multa
269 1146 455 1186 fficirrus
473 1146 531 1185 ad
549 1147 681 1186 haec:
710 1146 911 1186 donasset
923 1147 1071 1199 jamne
1089 1152 1289 1186 catenam
1339 1145 1397 1187 65

111 1211 187 1252 Ex
203 1217 303 1251 voto
320 1210 515 1260 Laribus
534 1210 788 1261 quaerebat:
818 1210 956 1250 scriba
973 1209 1090 1261 quod
1107 1216 1230 1261 esset,

113 1275 311 1316 Deterius
330 1274 464 1314 nihilo
482 1273 682 1314 dominae
694 1275 768 1326 jus
786 1286 891 1313 osee.
947 1274 1145 1326 Rngabat

112 1340 323 1392 Denique,
341 1351 420 1379 cur
437 1351 633 1390 unquam
650 1337 841 1391 fugisset,
860 1338 933 1378 cui
951 1339 1055 1377 satis
1074 1351 1165 1378 una

112 1404 258 1446 Farris
276 1404 384 1444 libra
400 1402 516 1454 foret,
537 1403 683 1456 gracili
702 1403 775 1453 sic,
796 1409 972 1454 tamque
991 1402 1178 1455 pusillo?

112 1469 291 1510 Prorsus
302 1467 495 1521 jucunde
512 1480 692 1507 coenam
710 1466 991 1520 produximus
1010 1467 1141 1507 illam.
1341 1466 1371 1507 7
1370 1466 1400 1506 0

113 1532 358 1574 Tendimus
371 1532 472 1571 hinc
486 1539 601 1572 recta
614 1532 923 1582 Beneventum,
940 1532 1014 1571 ubi
1028 1517 1207 1571 sedulus
1220 1532 1375 1584 hospes

113 1597 258 1638 Paene
276 1609 442 1636 macros
460 1597 563 1636 arsit
580 1596 688 1636 dum
707 1596 855 1636 turdos
872 1604 1014 1636 versat
1032 1597 1078 1636 in
1098 1597 1211 1649 igni:

115 1661 231 1703 Nam
247 1673 362 1714 vaga
379 1673 454 1713 per
470 1668 656 1701 veterem
675 1660 841 1714 dilapso
859 1660 1038 1701 flamma
1055 1661 1248 1701 culinam

116 1726 323 1777 Vulcano,
342 1738 566 1766 summum
582 1727 831 1779 properabat
850 1726 1037 1766 lambere
1056 1733 1230 1766 tectum.

118 1791 336 1832 Convivas
354 1790 505 1830 avidos
523 1803 702 1831 coenam
723 1804 952 1844 servosque
971 1791 1170 1831 timentes
1347 1790 1404 1831 ⁷5

120 1855 245 1896 Tum
261 1867 405 1908 rapere
423 1862 554 1908 atque
572 1868 722 1896 omnes
740 1857 1002 1908 restinguere
1021 1856 1131 1896 velle
1150 1855 1328 1896 videres.

121 1919 278 1972 Incipit
294 1932 351 1960 ex
369 1919 443 1960 illo
461 1927 626 1960 montoe
644 1920 803 1973 Apulia
820 1927 943 1960 notos

125 1984 349 2025 Ostentare
366 1985 486 2035 mihi,
505 1997 614 2037 quos
632 1992 757 2025 terret
774 1984 1001 2035 Atabulus,
1021 1991 1066 2024 et
1084 1997 1195 2037 quos

124 2049 363 2100 Nunquam
379 2062 634 2102 erepsemus,
654 2049 739 2090 nisi
756 2061 836 2090 nos
855 2049 998 2089 vicina
1018 2049 1183 2090 Trivici

124 2112 239 2154 Villa
256 2113 489 2166 recepisset,
508 2114 731 2155 lacrimoso
748 2126 836 2154 non
856 2115 947 2154 sine
966 2113 1098 2165 fumo,
1348 2113 1406 2154 80

71 2212 73 2214 ,
125 2176 1017 2219 Udoscumfoliisramosurentecamino.
1044 2208 1055 2217 .
1076 2208 1087 2218 .
1108 2208 1120 2218 .
1141 2208 1151 2217 .

127 2241 329 2285 Quatuor
346 2240 449 2280 hinc
465 2242 655 2294 rapimur
671 2243 824 2295 viginti
841 2250 884 2282 et
902 2242 1038 2282 millia
1055 2242 1210 2292 rhedis,

129 2304 326 2346 Mansuri
343 2303 690 2358 oppidulo„quod
707 2319 835 2347 versu
853 2306 990 2347 dicere
1009 2319 1096 2346 non
1115 2312 1190 2355 ωε,

76 2414 131 2448 60.
153 2414 319 2449 miranti,
335 2412 491 2444 Ονεὶῑὲιιο.
599 2413 651 2446 67.
673 2413 773 2446 Nullo
786 2415 943 2452 deterius„
964 2414 1076 2445 Nihilo
1092 2413 1243 2450 deterius,
1257 2411 1411 2444 auum

272 2465 322 2498 ⁷0.
346 2464 557 2504 produc-n..
651 2465 705 2498 '12-
727 2464 837 2498 Paene
849 2467 938 2502 uit,
950 2474 1075 2497 meroe
1088 2464 1216 2496 dm.
