1650 2730
163 171 228 217 30

700 181 965 215 OARMIN'UM

611 379 851 421 GARMEN
887 380 1072 421 XXVII.

433 511 510 541 AD
554 511 845 540 SODALES
890 511 1250 541 CONVIVAS.

363 639 487 680 Natis
507 639 553 679 in
573 651 704 679 usum
723 638 908 679 laetitiae
930 639 1105 692 scyphis

362 705 562 758 Pugnare
582 705 809 745 Thracum
829 711 919 745 est:
950 705 1083 745 tollite
1104 705 1335 747 barbarum

418 771 594 821 Morem,
615 769 993 823 verecundumque
1013 771 1237 813 Bacchum

475 836 735 890 Sanguineis
754 836 971 889 prohibete
992 836 1108 876 rixis.

363 968 474 1017 Vino
493 973 536 1008 et
555 966 740 1008 lucernis
761 966 916 1007 Medus
937 967 1136 1008 acinaces
1488 966 1518 1009 ὅ

363 1034 560 1075 Immane
581 1039 796 1086 quantum
815 1032 1027 1086 discrepat
1044 1047 1053 1085 ;
1085 1032 1270 1086 impium

420 1097 571 1141 Lenite
591 1099 832 1149 clamorem,
855 1097 1032 1150 sodales,

477 1165 537 1206 Et
556 1165 700 1206 cubito
722 1171 936 1205 remanete
955 1176 1110 1218 presso.

363 1297 505 1338 Vultis
525 1296 660 1337 severi
681 1308 750 1336 me
770 1307 943 1348 quoque
963 1308 1131 1335 sumere

364 1364 539 1405 Partem
558 1363 767 1404 Falerni?
827 1363 954 1402 Dicat
974 1361 1192 1414 Opuntiae
1464 1359 1519 1401 10

421 1430 572 1470 Frater
591 1428 804 1480 Megillae,
826 1439 912 1479 quo
931 1427 1082 1466 beatus

477 1493 674 1543 Vulnere,
696 1505 785 1544 qua
805 1498 948 1544 pereat
968 1491 1134 1544 sagitta.

365 1625 518 1666 Cessat
537 1622 739 1663 voluntas
753 1622 773 1663 ’.ῑ
831 1622 930 1664 Non
950 1622 1037 1663 alia
1055 1622 1202 1663 bibam

365 1689 574 1732 Mercede.
633 1689 763 1734 Quae
784 1695 824 1728 te
845 1701 1016 1741 cunque
1037 1688 1185 1729 domat
1203 1687 1363 1739 VmuS‚

421 1756 519 1798 Non
539 1755 838 1795 erubescendis
859 1754 1000 1795 adurit
1466 1752 1520 1795 15

476 1821 669 1874 Ignibus,
691 1821 965 1874 ingenuoque
986 1833 1153 1874 semper

365 1952 522 1994 Amore
541 1964 706 2005 peccas.
765 1951 996 2005 Quidquid
1015 1951 1160 2002 habes,
1181 1963 1274 2004 age,

366 2018 544 2070 Depone
566 2018 669 2057 tutis
690 2018 878 2058 auribus.
938 2018 1009 2058 Ah
1028 2017 1157 2057 miser
1174 2015 1183 2057 !

423 2084 605 2128 Quanta
625 2083 848 2124 laborabas
869 2082 1102 2136 Charybdi,

484 2148 623 2200 Digne
643 2161 747 2201 puer
767 2149 938 2189 meliore
958 2146 1162 2189 flamma!
1465 2145 1524 2187 20

370 2279 500 2325 Quae
521 2291 637 2331 saga,
659 2279 757 2330 quis
777 2285 817 2319 te
838 2279 1001 2320 solvere
1022 2277 1249 2320 Thessalis

330 2384 332 2388 .
372 2345 562 2398 Magnus
581 2344 770 2395 venenis,
792 2345 889 2397 quis
909 2345 1059 2398 poterit
1078 2343 1187 2385 deus
1202 2343 1223 2384 ’.ἱ

364 2476 404 2510 G.
419 2476 517 2509 xxvii.
536 2475 588 2508 13.
611 2474 766 2514 voluptas.
901 2475 951 2506 19.
974 2474 1101 2508 laboras
1114 2475 1150 2506 in
1165 2472 1339 2513 Charybdi.
