1650 2730
180 189 276 237 104

711 202 976 236 GARmNtm

321 304 511 345 Vincunt
530 315 716 356 aequora
735 303 919 356 navitae,

377 370 589 421 Magnum
609 368 830 421 pauperies
849 367 1119 421 opprobrium
1131 368 1255 422 jubet

321 434 511 480 Quidvis
531 440 573 474 et
592 433 729 473 facere
750 440 791 473 et
811 434 899 486 pati

377 499 640 551 Virtutisque
659 499 778 538 viam
797 498 951 538 deserit
970 497 1163 539 arduae?

322 564 400 605 Vel
420 577 498 604 nos
518 564 563 604 in
584 564 858 616 Capitolium,

376 629 480 673 Quo
499 628 660 668 clamor
679 635 804 668 vocat
822 634 865 668 et
884 628 1009 669 turba
1027 627 1281 680 faventium,

321 693 400 734 Vel
419 706 497 734 nos
516 694 562 734 in
582 707 699 734 mare
719 694 966 746 proximum

378 760 582 799 Gemmas
602 766 643 798 et
663 758 838 811 lapides,
859 771 1015 799 aurum
1033 765 1075 799 et
1094 757 1258 810 inutile,

322 823 491 865 Summi
512 824 735 863 materiem
755 824 871 875 mali,

379 889 615 939 Mittamus,
637 889 846 929 scelerum
867 889 903 928 si
922 889 1030 929 bene
1049 888 1248 942 poenitet.

323 953 556 994 Eradenda
574 954 790 1006 cupidinis
985 955 990 959 '

379 1019 508 1058 Pravi
529 1026 630 1058 s1mt
650 1018 872 1069 elementa,
892 1023 936 1058 et
958 1024 1127 1058 tenerae
1145 1017 1278 1058 nimis

324 1083 491 1124 Mentes
511 1083 793 1136 asperioribus

380 1148 651 1189 Formandae
672 1149 836 1188 studiis.
894 1147 1042 1189 Nescit
1059 1159 1169 1201 equo
1188 1146 1310 1188 rudis

325 1214 508 1254 Haerere
529 1214 744 1266 ingenuus
764 1226 880 1266 puer,

386 1279 622 1330 Venarique
644 1279 774 1329 timet,
796 1278 942 1323 ludere
961 1276 1135 1329 doctior,

326 1343 414 1384 Seu
436 1344 598 1383 Graeco
612 1344 764 1397 jubeas
785 1343 943 1394 trocho,

382 1409 470 1448 Seu
490 1408 616 1448 malis
636 1409 768 1447 vetita
788 1408 954 1460 legibus
974 1407 1080 1458 alea,

325 1473 439 1512 Cum
460 1475 629 1526 perjura
647 1473 777 1525 patris
798 1472 909 1512 fides

382 1538 629 1577 Consortem
651 1538 816 1577 socium
835 1537 957 1577 fallat
975 1542 1018 1577 et
1035 1536 1260 1590 hospitem,

326 1602 594 1655 Indignoque
614 1602 844 1655 pecuniam

381 1667 537 1707 Heredi
557 1674 758 1720 properet.
817 1668 989 1709 Scilicet
1007 1667 1227 1721 improbae

328 1733 537 1773 Crescunt
555 1733 754 1778 divitiae:
785 1739 945 1789 tamen-

383 1798 540 1839 Curtae
561 1799 704 1839 nescio
724 1799 830 1852 quid
851 1812 1016 1853 semper
1033 1799 1155 1839 abest
1173 1797 1245 1838 rei.

466 1939 521 1972 49.
543 1941 725 1972 materiam.
909 1941 915 1946 '
1023 1939 1075 1971 60.
1098 1938 1250 1979 hospius.
