1612 2716
557 586 606 638 Q.
645 586 887 635 HORATII
932 584 1134 634 FLACGI

351 755 1341 821 EPISTOLARUM

612 941 798 984 LIBER
838 941 1074 984 PRIMUS.

669 1209 955 1271 EPIS'roLA
993 1209 1027 1249 1.

560 1341 637 1369 AD
677 1340 1136 1369 MAECENATEM.

226 1457 390 1499 Pmm
410 1457 521 1498 dicte
540 1457 660 1510 mihi,
683 1469 857 1498 summa
876 1456 1055 1498 dicende
1076 1457 1310 1510 Gamoena,

169 1522 422 1575 Spectatum
441 1524 544 1564 satis
564 1529 606 1564 et
625 1520 835 1564 donat'um
847 1524 941 1577 jam
959 1522 1065 1563 rude
1085 1523 1267 1576 quaeris,

171 1587 413 1639 Maecenas,
435 1594 591 1629 lterum
610 1588 788 1641 antiquo
807 1601 877 1629 me
898 1587 1116 1629 includere
1136 1587 1255 1628 ludo.

170 1651 269 1692 Non
289 1652 441 1693 eadem
460 1660 525 1693 est
543 1661 673 1704 aetas,
694 1667 781 1694 non
802 1666 935 1693 mens.
995 1653 1212 1704 Veianius,
1233 1651 1365 1693 armis

170 1715 369 1756 Herculis
390 1717 444 1756 ad
467 1724 631 1768 postem
652 1718 763 1767 fixis,
786 1718 891 1756 latet
911 1716 1082 1756 abditus
1103 1729 1216 1769 agro,
1496 1718 1526 1759 5

171 1781 237 1822 Ne
257 1781 466 1833 populum
484 1787 676 1821 extrema
697 1782 819 1820 toties
839 1787 985 1820 exoret
1005 1793 1147 1821 arena.

171 1845 254 1886 Est
273 1845 381 1885 mihi
401 1852 628 1898 purgatam
647 1846 790 1885 crebro
810 1846 885 1897 qui
905 1853 1100 1898 personet
1120 1859 1294 1888 aurem:

173 1910 301 1951 Solve
322 1916 614 1950 senescentem
634 1917 799 1950 mature
820 1923 954 1950 sanus
974 1924 1146 1963 equum,
1168 1925 1224 1952 ne
1245 1912 1249 1915 '

173 1975 326 2015 Peceet
345 1974 402 2014 ad
421 1982 662 2015 extremum
681 1974 895 2026 ridendus,
917 1983 959 2015 et
979 1976 1051 2016 ilia
1072 1976 1213 2017 ducat.

173 2040 303 2082 Nunc
324 2040 470 2092 itaque
490 2046 532 2080 et
551 2053 701 2081 versus
739 2046 780 2081 et
809 2047 948 2080 cetera
968 2041 1132 2082 ludicra
1153 2055 1289 2095 pono3
1470 2045 1526 2085 10

175 2104 298 2150 Quid
317 2117 469 2145 verum
489 2112 619 2158 atque
638 2105 804 2157 decens,
825 2118 927 2145 curo
947 2112 989 2146 et
1007 2119 1118 2160 rogo,
1140 2114 1182 2147 et
1201 2109 1341 2149 omnis
1369 2106 1415 2150 in
1443 2109 1526 2150 hoc

344 2182 466 2210 sum:

177 2233 328 2275 Condo
348 2241 390 2274 et
408 2246 627 2287 compono,
649 2246 760 2286 quae
779 2247 881 2274 mox
901 2234 1144 2288 depromere
1164 2237 1336 2289 possim.

181 2299 254 2350 Ac,
275 2311 334 2355 ne*
350 2299 454 2339 forte
475 2313 606 2353 roges,
627 2311 713 2351 quo
733 2312 802 2339 me
822 2299 943 2350 duce,
965 2313 1051 2352 quo
1071 2301 1158 2341 lare
1179 2309 1312 2342 tuter:

181 2364 354 2406 Nullius
374 2365 573 2405 addictus
587 2366 729 2418 jurare
750 2364 794 2404 in
815 2366 945 2405 verba
964 2366 1167 2419 magistri,

178 2429 283 2475 Quo
302 2442 371 2470 me
391 2442 563 2482 cunque
583 2429 693 2482 rapit
711 2435 952 2482 tempestaS‚
974 2429 1136 2472 deferor
1154 2431 1321 2484 hospes.
1474 2429 1525 2471 15
