1650 2730
550 202 778 236 LIBERE.
845 202 950 236 o.1.

349 305 434 348 Oui
452 306 599 347 laurus
620 313 810 346 aeternos
829 306 1010 346 honores

405 371 647 412 Dalmatico
666 371 824 424 peperit
844 371 1070 424 triumpho.

294 499 394 542 Jam
413 512 530 540 nunc
549 500 707 540 minaci
726 512 943 540 murmure
962 512 1174 543 cornuum

292 565 541 618 Perstringis
560 578 694 616 aureS,
710 566 802 619 jam
821 565 915 605 litui
936 571 1127 619 strepunt
1146 580 1156 621 ;

348 629 447 671 Jam
466 629 606 682 fulgor
624 643 839 670 armorum
858 629 1034 683 fugaces

403 694 552 735 Terret
570 707 714 748 equos,
730 695 1009 749 equitumque
1029 695 1189 737 vultus.

292 822 452 863 Audire
470 836 649 876 magnos
663 825 755 878 jam
773 823 919 865 videor
938 824 1071 866 duces

293 887 391 928 Non
410 887 605 928 indecoro
628 889 801 941 pulvere
821 889 1022 942 sordidos,

345 952 405 992 Et
423 959 579 993 cuncta
598 959 803 994 terrarum
823 955 1001 995 subacta

401 1017 571 1058 Praeter
590 1025 772 1059 atrocem
794 1020 990 1060 animum
1010 1020 1197 1060 Catonis.

292 1143 406 1184 Juno
424 1150 466 1183 et
485 1144 659 1185 deorum
678 1147 873 1199 quisquis
893 1149 1068 1189 amicior

293 1206 406 1247 Afris
427 1208 564 1248 inulta
583 1218 763 1250 cesserat
783 1212 989 1263 impotens

348 1273 533 1324 Tellure,
553 1274 762 1314 victorum
782 1283 953 1327 nepotes

400 1337 562 1378 Retulit
581 1338 751 1379 inferias
771 1340 796 1381 J
798 1341 1019 1393 ugurthae.

287 1466 402 1511 Quis
420 1479 507 1507 non
527 1467 682 1508 Latino
703 1469 911 1523 sanguine
931 1471 1127 1524 pinguior

287 1531 478 1584 Campus
498 1533 699 1585 sepulcris
720 1534 851 1587 impia
868 1535 1026 1587 proelia

342 1596 557 1648 Testatur,
579 1598 859 1651 auditumque
879 1600 1018 1641 Medis

394 1662 622 1715 Hesperiae
643 1665 831 1705 sonitum
850 1666 999 1706 ruinae
1011 1666 1031 1706 ’.ἲ

284 1790 376 1835 Qui
395 1803 547 1844 gurges
567 1799 643 1833 aut
661 1806 772 1846 quae
792 1794 973 1836 flumina
992 1795 1185 1849 lugubris

283 1855 438 1908 Ignara
456 1857 588 1897 belli?
617 1859 732 1910 quod
751 1872 867 1900 mare
887 1861 1086 1902 Dauniae

338 1920 436 1961 Non
455 1921 745 1964 decoloravere
764 1924 916 1965 caedes
929 1926 949 1965 ’.ῑ

392 1986 521 2030 Quae
540 1994 654 2028 caret
671 2001 744 2028 ora
762 2001 908 2030 cruore
926 1996 1068 2031 nostro
1079 1991 1100 2032 22

283 2112 368 2153 Sed
386 2127 451 2166 ne,
472 2116 638 2168 relictis,
660 2117 789 2158 Musa
808 2132 977 2172 procax,
991 2121 1111 2175 jocis,

216 2199 221 2205 ·-
284 2177 395 2218 Ceae
414 2186 609 2221 retractes
628 2194 807 2223 munera
825 2185 1001 2226 neniae:

339 2241 512 2285 Mecum
531 2246 721 2287 Dionaeo
740 2249 821 2288 sub
840 2256 960 2289 antro

393 2308 564 2352 Quaere
583 2311 730 2351 modos
750 2312 903 2354 leviore
922 2314 1092 2367 plectro,

313 2432 362 2465 16.
386 2433 576 2476 Delmatico,
593 2439 747 2473 Orelliue.
977 2443 1030 2475 33.
1056 2443 1149 2480 Quis.

1348 191 1414 239 43

1359 281 1420 350 ιε’

1348 1539 1404 1580 30

1343 1928 1398 1969 35

1339 2315 1396 2357 40
