<?xml version="1.0" encoding="UTF-8"?>
<!DOCTYPE html PUBLIC "-//W3C//DTD XHTML 1.0 Transitional//EN"
    "http://www.w3.org/TR/xhtml1/DTD/xhtml1-transitional.dtd">
<html xmlns="http://www.w3.org/1999/xhtml" xml:lang="en" lang="en">
 <head>
  <title>
</title>
<meta http-equiv="Content-Type" content="text/html;charset=utf-8" />
  <meta name='ocr-system' content='tesseract 3.04.00' />
  <meta name='ocr-capabilities' content='ocr_page ocr_carea ocr_par ocr_line ocrx_word'/>
</head>
<body>
  <div class='ocr_page' id='page_1' title='image "./workswithenglis00horauoft_0202.png"; bbox 0 0 1612 2716; ppageno 0'>
   <div class='ocr_carea' id='block_1_1' title="bbox 164 146 938 206">
    <p class='ocr_par' dir='ltr' id='par_1_1' title="bbox 164 146 938 206">
     <span class='ocr_line' id='line_1_1' title="bbox 164 146 938 206; baseline -0.005 0"><span class='ocrx_word' id='word_1_1' title='bbox 164 146 261 206; x_wconf 80' lang='lat'>158</span> <span class='ocrx_word' id='word_1_2' title='bbox 743 168 938 203; x_wconf 66' lang='lat' dir='ltr'>Epopon</span> 
     </span>
    </p>
   </div>
   <div class='ocr_carea' id='block_1_2' title="bbox 305 255 1513 393">
    <p class='ocr_par' dir='ltr' id='par_1_2' title="bbox 305 255 1513 393">
     <span class='ocr_line' id='line_1_2' title="bbox 305 255 1513 329; baseline 0.001 -14"><span class='ocrx_word' id='word_1_3' title='bbox 305 274 458 316; x_wconf 86' lang='lat' dir='ltr'>Gaude</span> <span class='ocrx_word' id='word_1_4' title='bbox 478 280 588 314; x_wconf 81' lang='lat' dir='ltr'><strong>sorte</strong></span> <span class='ocrx_word' id='word_1_5' title='bbox 608 280 707 314; x_wconf 88' lang='lat' dir='ltr'>tua:</span> <span class='ocrx_word' id='word_1_6' title='bbox 738 287 807 315; x_wconf 91' lang='lat' dir='ltr'>me</span> <span class='ocrx_word' id='word_1_7' title='bbox 827 274 1034 327; x_wconf 84' lang='lat' dir='ltr'>libertina,</span> <span class='ocrx_word' id='word_1_8' title='bbox 1055 286 1196 329; x_wconf 85' lang='lat' dir='ltr'>neque</span> <span class='ocrx_word' id='word_1_9' title='bbox 1216 286 1305 316; x_wconf 89' lang='lat' dir='ltr'>uno</span> <span class='ocrx_word' id='word_1_10' title='bbox 1432 255 1434 258; x_wconf 22' lang='grc' dir='ltr'>Ι</span> <span class='ocrx_word' id='word_1_11' title='bbox 1458 274 1513 316; x_wconf 83' lang='grc'>15</span> 
     </span>
     <span class='ocr_line' id='line_1_3' title="bbox 385 339 1384 393; baseline 0.003 -13"><span class='ocrx_word' id='word_1_12' title='bbox 385 341 607 392; x_wconf 86' lang='lat' dir='ltr'>Contenta,</span> <span class='ocrx_word' id='word_1_13' title='bbox 629 339 803 393; x_wconf 81' lang='lat' dir='ltr'>Phryne</span> <span class='ocrx_word' id='word_1_14' title='bbox 822 346 1024 382; x_wconf 83' lang='lat' dir='ltr'>macerat.</span> <span class='ocrx_word' id='word_1_15' title='bbox 1360 341 1384 365; x_wconf 83' lang='lat'><em>⁰</em></span> 
     </span>
    </p>
   </div>
   <div class='ocr_carea' id='block_1_3' title="bbox 654 709 1027 749">
    <p class='ocr_par' dir='ltr' id='par_1_3' title="bbox 654 709 1027 749">
     <span class='ocr_line' id='line_1_4' title="bbox 654 709 1027 749; baseline 0 -1"><span class='ocrx_word' id='word_1_16' title='bbox 654 709 893 749; x_wconf 85' lang='lat' dir='ltr'><strong>OARMEN</strong></span> <span class='ocrx_word' id='word_1_17' title='bbox 935 709 1027 749; x_wconf 87' lang='lat' dir='ltr'>XV.</span> 
     </span>
    </p>
   </div>
   <div class='ocr_carea' id='block_1_4' title="bbox 609 840 1079 869">
    <p class='ocr_par' dir='ltr' id='par_1_4' title="bbox 609 840 1079 869">
     <span class='ocr_line' id='line_1_5' title="bbox 609 840 1079 869; baseline 0.004 -2"><span class='ocrx_word' id='word_1_18' title='bbox 609 840 687 867; x_wconf 83' lang='lat' dir='ltr'>AD</span> <span class='ocrx_word' id='word_1_19' title='bbox 736 841 1079 869; x_wconf 79' lang='lat' dir='ltr'>NEAERAM.</span> 
     </span>
    </p>
   </div>
   <div class='ocr_carea' id='block_1_5' title="bbox 307 956 1612 2383">
    <p class='ocr_par' dir='ltr' id='par_1_5' title="bbox 308 956 1223 1074">
     <span class='ocr_line' id='line_1_6' title="bbox 308 956 1223 1010; baseline 0.001 -13"><span class='ocrx_word' id='word_1_20' title='bbox 308 956 410 998; x_wconf 86' lang='lat' dir='ltr'>Nox</span> <span class='ocrx_word' id='word_1_21' title='bbox 431 964 520 998; x_wconf 90' lang='lat' dir='ltr'>erat</span> <span class='ocrx_word' id='word_1_22' title='bbox 539 964 581 997; x_wconf 91' lang='lat' dir='ltr'>et</span> <span class='ocrx_word' id='word_1_23' title='bbox 600 957 717 998; x_wconf 92' lang='lat' dir='ltr'>coelo</span> <span class='ocrx_word' id='word_1_24' title='bbox 737 957 930 1010; x_wconf 81' lang='lat' dir='ltr'>fulgebat</span> <span class='ocrx_word' id='word_1_25' title='bbox 949 958 1055 998; x_wconf 88' lang='lat' dir='ltr'>luna</span> <span class='ocrx_word' id='word_1_26' title='bbox 1075 969 1223 998; x_wconf 90' lang='lat' dir='ltr'>sereno</span> 
     </span>
     <span class='ocr_line' id='line_1_7' title="bbox 389 1022 856 1074; baseline 0.002 -12"><span class='ocrx_word' id='word_1_27' title='bbox 389 1023 504 1063; x_wconf 86' lang='lat' dir='ltr'>Inter</span> <span class='ocrx_word' id='word_1_28' title='bbox 523 1023 688 1063; x_wconf 86' lang='lat' dir='ltr'>minora</span> <span class='ocrx_word' id='word_1_29' title='bbox 708 1022 856 1074; x_wconf 85' lang='lat' dir='ltr'>sidera,</span> 
     </span>
    </p>

    <p class='ocr_par' dir='ltr' id='par_1_6' title="bbox 307 1087 1361 1208">
     <span class='ocr_line' id='line_1_8' title="bbox 307 1087 1361 1141; baseline 0.001 -13"><span class='ocrx_word' id='word_1_30' title='bbox 307 1088 422 1128; x_wconf 88' lang='lat' dir='ltr'>Cum</span> <span class='ocrx_word' id='word_1_31' title='bbox 442 1095 500 1139; x_wconf 88' lang='lat' dir='ltr'>tu,</span> <span class='ocrx_word' id='word_1_32' title='bbox 523 1101 779 1141; x_wconf 88' lang='lat' dir='ltr'>magnorum</span> <span class='ocrx_word' id='word_1_33' title='bbox 799 1100 964 1128; x_wconf 89' lang='lat' dir='ltr'>numen</span> <span class='ocrx_word' id='word_1_34' title='bbox 986 1088 1153 1128; x_wconf 88' lang='lat' dir='ltr'>laesura</span> <span class='ocrx_word' id='word_1_35' title='bbox 1172 1087 1361 1140; x_wconf 88' lang='lat' dir='ltr'>deorum,</span> 
     </span>
     <span class='ocr_line' id='line_1_9' title="bbox 388 1154 908 1208; baseline 0 -14"><span class='ocrx_word' id='word_1_36' title='bbox 388 1154 438 1194; x_wconf 90' lang='lat' dir='ltr'>In</span> <span class='ocrx_word' id='word_1_37' title='bbox 461 1155 590 1194; x_wconf 85' lang='lat' dir='ltr'>verba</span> <span class='ocrx_word' id='word_1_38' title='bbox 603 1154 780 1208; x_wconf 79' lang='lat' dir='ltr'>jurabas</span> <span class='ocrx_word' id='word_1_39' title='bbox 800 1166 908 1204; x_wconf 85' lang='lat' dir='ltr'>mea,</span> 
     </span>
    </p>

    <p class='ocr_par' dir='ltr' id='par_1_7' title="bbox 308 1217 1516 1325">
     <span class='ocr_line' id='line_1_10' title="bbox 308 1217 1516 1272; baseline 0 -12"><span class='ocrx_word' id='word_1_40' title='bbox 308 1221 466 1270; x_wconf 85' lang='lat' dir='ltr'>Artius,</span> <span class='ocrx_word' id='word_1_41' title='bbox 489 1226 617 1271; x_wconf 90' lang='lat' dir='ltr'>atque</span> <span class='ocrx_word' id='word_1_42' title='bbox 638 1219 796 1259; x_wconf 82' lang='lat' dir='ltr'>hedera</span> <span class='ocrx_word' id='word_1_43' title='bbox 814 1231 987 1272; x_wconf 80' lang='lat' dir='ltr'>procera</span> <span class='ocrx_word' id='word_1_44' title='bbox 1007 1217 1284 1272; x_wconf 85' lang='lat' dir='ltr'>adstringitur</span> <span class='ocrx_word' id='word_1_45' title='bbox 1303 1218 1402 1271; x_wconf 84' lang='lat' dir='ltr'>ilex,</span> <span class='ocrx_word' id='word_1_46' title='bbox 1488 1218 1516 1260; x_wconf 83' lang='lat'>5</span> 
     </span>
     <span class='ocr_line' id='line_1_11' title="bbox 389 1284 1028 1325; baseline 0 -1"><span class='ocrx_word' id='word_1_47' title='bbox 389 1286 537 1325; x_wconf 89' lang='lat' dir='ltr'>Lentis</span> <span class='ocrx_word' id='word_1_48' title='bbox 559 1284 797 1325; x_wconf 81' lang='lat' dir='ltr'>adhaerens</span> <span class='ocrx_word' id='word_1_49' title='bbox 819 1284 1001 1325; x_wconf 87' lang='lat' dir='ltr'>brachiis</span> <span class='ocrx_word' id='word_1_50' title='bbox 1019 1298 1028 1324; x_wconf 92' lang='lat'><strong>:</strong></span> 
     </span>
    </p>

    <p class='ocr_par' dir='ltr' id='par_1_8' title="bbox 310 1349 1332 1465">
     <span class='ocr_line' id='line_1_12' title="bbox 310 1349 1332 1404; baseline -0.002 -13"><span class='ocrx_word' id='word_1_51' title='bbox 310 1351 436 1391; x_wconf 49' lang='lat' dir='ltr'>Dum*</span> <span class='ocrx_word' id='word_1_52' title='bbox 450 1351 593 1404; x_wconf 86' lang='lat' dir='ltr'>pecori·</span> <span class='ocrx_word' id='word_1_53' title='bbox 609 1351 750 1404; x_wconf 87' lang='lat' dir='ltr'>lupus,</span> <span class='ocrx_word' id='word_1_54' title='bbox 771 1356 813 1390; x_wconf 89' lang='lat' dir='ltr'>et</span> <span class='ocrx_word' id='word_1_55' title='bbox 833 1350 978 1390; x_wconf 84' lang='lat' dir='ltr'>nautis</span> <span class='ocrx_word' id='word_1_56' title='bbox 997 1349 1178 1390; x_wconf 82' lang='lat' dir='ltr'>infestus</span> <span class='ocrx_word' id='word_1_57' title='bbox 1199 1349 1332 1390; x_wconf 89' lang='lat' dir='ltr'>Orion</span> 
     </span>
     <span class='ocr_line' id='line_1_13' title="bbox 390 1417 1002 1465; baseline -0.002 -9"><span class='ocrx_word' id='word_1_58' title='bbox 390 1417 605 1456; x_wconf 85' lang='lat' dir='ltr'>Turbaret</span> <span class='ocrx_word' id='word_1_59' title='bbox 625 1417 853 1456; x_wconf 89' lang='lat' dir='ltr'>hibernum</span> <span class='ocrx_word' id='word_1_60' title='bbox 874 1428 1002 1465; x_wconf 88' lang='lat' dir='ltr'>mare,</span> 
     </span>
    </p>

    <p class='ocr_par' dir='ltr' id='par_1_9' title="bbox 308 1480 1612 1602">
     <span class='ocr_line' id='line_1_14' title="bbox 308 1480 1355 1534; baseline -0.002 -12"><span class='ocrx_word' id='word_1_61' title='bbox 308 1483 590 1534; x_wconf 89' lang='lat' dir='ltr'>Intonsosque</span> <span class='ocrx_word' id='word_1_62' title='bbox 611 1482 789 1534; x_wconf 79' lang='lat' dir='ltr'>agitaret</span> <span class='ocrx_word' id='word_1_63' title='bbox 811 1480 1021 1533; x_wconf 79' lang='lat' dir='ltr'>Apollinis</span> <span class='ocrx_word' id='word_1_64' title='bbox 1041 1492 1148 1520; x_wconf 89' lang='lat' dir='ltr'>aura</span> <span class='ocrx_word' id='word_1_65' title='bbox 1167 1480 1355 1534; x_wconf 84' lang='lat' dir='ltr'>capillos,</span> 
     </span>
     <span class='ocr_line' id='line_1_15' title="bbox 391 1547 1612 1602; baseline 0.001 -15"><span class='ocrx_word' id='word_1_66' title='bbox 391 1549 499 1588; x_wconf 84' lang='lat' dir='ltr'>Fore</span> <span class='ocrx_word' id='word_1_67' title='bbox 522 1548 638 1587; x_wconf 88' lang='lat' dir='ltr'>hunc</span> <span class='ocrx_word' id='word_1_68' title='bbox 659 1559 847 1587; x_wconf 88' lang='lat' dir='ltr'>amorem</span> <span class='ocrx_word' id='word_1_69' title='bbox 868 1553 1084 1587; x_wconf 87' lang='lat' dir='ltr'>mutuum.</span> <span class='ocrx_word' id='word_1_70' title='bbox 1464 1547 1518 1588; x_wconf 85' lang='lat'>10</span> <span class='ocrx_word' id='word_1_71' title='bbox 1607 1590 1612 1602; x_wconf 39' lang='grc' dir='ltr'><strong><em>ι</em></strong></span> 
     </span>
    </p>

    <p class='ocr_par' dir='ltr' id='par_1_10' title="bbox 308 1609 1612 1729">
     <span class='ocr_line' id='line_1_16' title="bbox 308 1609 1612 1654; baseline 0.002 -2"><span class='ocrx_word' id='word_1_72' title='bbox 308 1613 347 1653; x_wconf 92' lang='lat' dir='ltr'>O</span> <span class='ocrx_word' id='word_1_73' title='bbox 368 1613 551 1652; x_wconf 85' lang='lat' dir='ltr'>dolitura</span> <span class='ocrx_word' id='word_1_74' title='bbox 572 1626 668 1653; x_wconf 88' lang='lat' dir='ltr'>mea</span> <span class='ocrx_word' id='word_1_75' title='bbox 689 1613 877 1653; x_wconf 87' lang='lat' dir='ltr'>multum</span> <span class='ocrx_word' id='word_1_76' title='bbox 895 1612 1052 1652; x_wconf 85' lang='lat' dir='ltr'>virtute</span> <span class='ocrx_word' id='word_1_77' title='bbox 1074 1609 1261 1652; x_wconf 82' lang='lat' dir='ltr'>Neaera!</span> <span class='ocrx_word' id='word_1_78' title='bbox 1606 1610 1612 1654; x_wconf 68' lang='grc' dir='ltr'>Ἱ</span> 
     </span>
     <span class='ocr_line' id='line_1_17' title="bbox 388 1677 1135 1729; baseline -0.004 -11"><span class='ocrx_word' id='word_1_79' title='bbox 388 1679 513 1728; x_wconf 88' lang='lat' dir='ltr'>Nam,</span> <span class='ocrx_word' id='word_1_80' title='bbox 537 1679 571 1717; x_wconf 84' lang='lat' dir='ltr'>si</span> <span class='ocrx_word' id='word_1_81' title='bbox 592 1678 697 1729; x_wconf 86' lang='lat' dir='ltr'>quid</span> <span class='ocrx_word' id='word_1_82' title='bbox 718 1679 761 1717; x_wconf 88' lang='lat' dir='ltr'>in</span> <span class='ocrx_word' id='word_1_83' title='bbox 783 1677 941 1717; x_wconf 88' lang='lat' dir='ltr'>Flacco</span> <span class='ocrx_word' id='word_1_84' title='bbox 962 1677 1041 1716; x_wconf 87' lang='lat' dir='ltr'>viri</span> <span class='ocrx_word' id='word_1_85' title='bbox 1061 1682 1135 1727; x_wconf 89' lang='lat' dir='ltr'>est,</span> 
     </span>
    </p>

    <p class='ocr_par' dir='ltr' id='par_1_11' title="bbox 310 1741 1274 1859">
     <span class='ocr_line' id='line_1_18' title="bbox 310 1741 1274 1794; baseline -0.001 -12"><span class='ocrx_word' id='word_1_86' title='bbox 310 1742 406 1783; x_wconf 90' lang='lat' dir='ltr'>Non</span> <span class='ocrx_word' id='word_1_87' title='bbox 430 1742 532 1782; x_wconf 85' lang='lat' dir='ltr'>feret</span> <span class='ocrx_word' id='word_1_88' title='bbox 552 1742 749 1781; x_wconf 88' lang='lat' dir='ltr'>assiduas</span> <span class='ocrx_word' id='word_1_89' title='bbox 769 1741 916 1794; x_wconf 90' lang='lat' dir='ltr'>potiori</span> <span class='ocrx_word' id='word_1_90' title='bbox 938 1747 978 1781; x_wconf 89' lang='lat' dir='ltr'>te</span> <span class='ocrx_word' id='word_1_91' title='bbox 997 1741 1098 1781; x_wconf 87' lang='lat' dir='ltr'>dare</span> <span class='ocrx_word' id='word_1_92' title='bbox 1117 1746 1274 1793; x_wconf 90' lang='lat' dir='ltr'>noctes,</span> 
     </span>
     <span class='ocr_line' id='line_1_19' title="bbox 389 1807 985 1859; baseline 0 -13"><span class='ocrx_word' id='word_1_93' title='bbox 389 1807 448 1847; x_wconf 89' lang='lat' dir='ltr'>Et</span> <span class='ocrx_word' id='word_1_94' title='bbox 467 1814 642 1859; x_wconf 85' lang='lat' dir='ltr'>quaeret</span> <span class='ocrx_word' id='word_1_95' title='bbox 662 1807 795 1846; x_wconf 87' lang='lat' dir='ltr'>iratus</span> <span class='ocrx_word' id='word_1_96' title='bbox 815 1819 985 1859; x_wconf 88' lang='lat' dir='ltr'>parem;</span> 
     </span>
    </p>

    <p class='ocr_par' dir='ltr' id='par_1_12' title="bbox 307 1871 1516 1978">
     <span class='ocr_line' id='line_1_20' title="bbox 307 1871 1516 1924; baseline 0 -12"><span class='ocrx_word' id='word_1_97' title='bbox 307 1872 397 1912; x_wconf 90' lang='lat' dir='ltr'>Nec</span> <span class='ocrx_word' id='word_1_98' title='bbox 419 1872 549 1911; x_wconf 87' lang='lat' dir='ltr'>semel</span> <span class='ocrx_word' id='word_1_99' title='bbox 569 1871 757 1912; x_wconf 84' lang='lat' dir='ltr'>offensae</span> <span class='ocrx_word' id='word_1_100' title='bbox 777 1871 898 1912; x_wconf 89' lang='lat' dir='ltr'>cedet</span> <span class='ocrx_word' id='word_1_101' title='bbox 918 1872 1160 1912; x_wconf 85' lang='lat' dir='ltr'>constantia</span> <span class='ocrx_word' id='word_1_102' title='bbox 1179 1871 1351 1924; x_wconf 82' lang='lat' dir='ltr'>formae,</span> <span class='ocrx_word' id='word_1_103' title='bbox 1462 1872 1516 1912; x_wconf 82' lang='lat'>15</span> 
     </span>
     <span class='ocr_line' id='line_1_21' title="bbox 389 1937 927 1978; baseline 0 -1"><span class='ocrx_word' id='word_1_104' title='bbox 389 1937 435 1977; x_wconf 85' lang='lat' dir='ltr'>Si</span> <span class='ocrx_word' id='word_1_105' title='bbox 456 1945 596 1977; x_wconf 84' lang='lat' dir='ltr'>certus</span> <span class='ocrx_word' id='word_1_106' title='bbox 617 1937 780 1978; x_wconf 84' lang='lat' dir='ltr'>intrarit</span> <span class='ocrx_word' id='word_1_107' title='bbox 800 1937 927 1977; x_wconf 87' lang='lat' dir='ltr'>dolor.</span> 
     </span>
    </p>

    <p class='ocr_par' dir='ltr' id='par_1_13' title="bbox 307 2003 1366 2121">
     <span class='ocr_line' id='line_1_22' title="bbox 307 2003 1366 2057; baseline 0.001 -14"><span class='ocrx_word' id='word_1_108' title='bbox 307 2003 365 2043; x_wconf 93' lang='lat' dir='ltr'>At</span> <span class='ocrx_word' id='word_1_109' title='bbox 386 2009 443 2053; x_wconf 84' lang='lat' dir='ltr'>tu,</span> <span class='ocrx_word' id='word_1_110' title='bbox 466 2004 714 2056; x_wconf 83' lang='lat' dir='ltr'>quicunque</span> <span class='ocrx_word' id='word_1_111' title='bbox 738 2017 784 2044; x_wconf 92' lang='lat' dir='ltr'>es</span> <span class='ocrx_word' id='word_1_112' title='bbox 804 2003 964 2044; x_wconf 84' lang='lat' dir='ltr'>felicior</span> <span class='ocrx_word' id='word_1_113' title='bbox 984 2010 1112 2057; x_wconf 87' lang='lat' dir='ltr'>atque</span> <span class='ocrx_word' id='word_1_114' title='bbox 1132 2015 1227 2043; x_wconf 84' lang='lat' dir='ltr'>meo</span> <span class='ocrx_word' id='word_1_115' title='bbox 1246 2015 1366 2044; x_wconf 88' lang='lat' dir='ltr'>nunc</span> 
     </span>
     <span class='ocr_line' id='line_1_23' title="bbox 391 2069 938 2121; baseline -0.002 -12"><span class='ocrx_word' id='word_1_116' title='bbox 391 2069 608 2121; x_wconf 88' lang='lat' dir='ltr'>Superbus</span> <span class='ocrx_word' id='word_1_117' title='bbox 629 2069 791 2109; x_wconf 89' lang='lat' dir='ltr'>incedis</span> <span class='ocrx_word' id='word_1_118' title='bbox 812 2069 938 2120; x_wconf 84' lang='lat' dir='ltr'>malo,</span> 
     </span>
    </p>

    <p class='ocr_par' dir='ltr' id='par_1_14' title="bbox 308 2134 1515 2251">
     <span class='ocr_line' id='line_1_24' title="bbox 308 2134 1235 2186; baseline 0.001 -12"><span class='ocrx_word' id='word_1_119' title='bbox 308 2134 377 2175; x_wconf 83' lang='lat' dir='ltr'>Sis</span> <span class='ocrx_word' id='word_1_120' title='bbox 398 2147 546 2186; x_wconf 88' lang='lat' dir='ltr'>pecore</span> <span class='ocrx_word' id='word_1_121' title='bbox 566 2141 607 2174; x_wconf 91' lang='lat' dir='ltr'>et</span> <span class='ocrx_word' id='word_1_122' title='bbox 627 2134 766 2174; x_wconf 88' lang='lat' dir='ltr'>multa</span> <span class='ocrx_word' id='word_1_123' title='bbox 785 2134 905 2174; x_wconf 87' lang='lat' dir='ltr'>dives</span> <span class='ocrx_word' id='word_1_124' title='bbox 926 2134 1075 2175; x_wconf 90' lang='lat' dir='ltr'>tellure</span> <span class='ocrx_word' id='word_1_125' title='bbox 1095 2134 1235 2175; x_wconf 90' lang='lat' dir='ltr'>licebit</span> 
     </span>
     <span class='ocr_line' id='line_1_25' title="bbox 389 2198 1515 2251; baseline 0.002 -13"><span class='ocrx_word' id='word_1_126' title='bbox 389 2199 576 2251; x_wconf 87' lang='lat' dir='ltr'>Tibique</span> <span class='ocrx_word' id='word_1_127' title='bbox 598 2200 798 2239; x_wconf 87' lang='lat' dir='ltr'>Pactolus</span> <span class='ocrx_word' id='word_1_128' title='bbox 819 2199 938 2251; x_wconf 88' lang='lat' dir='ltr'>fluat,</span> <span class='ocrx_word' id='word_1_129' title='bbox 1458 2198 1515 2240; x_wconf 79' lang='lat'>20</span> 
     </span>
    </p>

    <p class='ocr_par' dir='ltr' id='par_1_15' title="bbox 308 2264 1272 2317">
     <span class='ocr_line' id='line_1_26' title="bbox 308 2264 1272 2317; baseline 0.001 -11"><span class='ocrx_word' id='word_1_130' title='bbox 308 2264 398 2306; x_wconf 81' lang='lat' dir='ltr'>Nec</span> <span class='ocrx_word' id='word_1_131' title='bbox 419 2272 459 2304; x_wconf 89' lang='lat' dir='ltr'>te</span> <span class='ocrx_word' id='word_1_132' title='bbox 481 2265 751 2317; x_wconf 84' lang='lat' dir='ltr'>Pythagorae</span> <span class='ocrx_word' id='word_1_133' title='bbox 772 2265 926 2306; x_wconf 85' lang='lat' dir='ltr'>fallant</span> <span class='ocrx_word' id='word_1_134' title='bbox 947 2278 1106 2307; x_wconf 83' lang='lat' dir='ltr'>arcana</span> <span class='ocrx_word' id='word_1_135' title='bbox 1124 2265 1272 2316; x_wconf 84' lang='lat' dir='ltr'>renati,</span> 
     </span>
    </p>

    <p class='ocr_par' dir='ltr' id='par_1_16' title="bbox 312 2330 964 2383">
     <span class='ocr_line' id='line_1_27' title="bbox 312 2330 964 2383; baseline 0.003 -13"><span class='ocrx_word' id='word_1_136' title='bbox 312 2342 316 2347; x_wconf 90' lang='lat'><em>·</em></span> <span class='ocrx_word' id='word_1_137' title='bbox 389 2330 632 2383; x_wconf 76' lang='lat' dir='ltr'>Pomaque</span> <span class='ocrx_word' id='word_1_138' title='bbox 654 2331 802 2370; x_wconf 87' lang='lat' dir='ltr'>vincas</span> <span class='ocrx_word' id='word_1_139' title='bbox 824 2331 964 2383; x_wconf 89' lang='lat' dir='ltr'>Nirea,</span> 
     </span>
    </p>
   </div>
   <div class='ocr_carea' id='block_1_6' title="bbox 571 2459 1107 2501">
    <p class='ocr_par' dir='ltr' id='par_1_17' title="bbox 571 2459 1107 2501">
     <span class='ocr_line' id='line_1_28' title="bbox 571 2459 1107 2501; baseline 0.004 -9"><span class='ocrx_word' id='word_1_140' title='bbox 571 2459 609 2492; x_wconf 88' lang='lat' dir='ltr'>C.</span> <span class='ocrx_word' id='word_1_141' title='bbox 627 2469 678 2492; x_wconf 85' lang='lat' dir='ltr'>xv.</span> <span class='ocrx_word' id='word_1_142' title='bbox 693 2460 726 2497; x_wconf 81' lang='lat'>8,</span> <span class='ocrx_word' id='word_1_143' title='bbox 740 2461 770 2493; x_wconf 86' lang='grc'>9.</span> <span class='ocrx_word' id='word_1_144' title='bbox 794 2461 1107 2501; x_wconf 77' lang='lat' dir='ltr'>turbarit—agitarit.</span> 
     </span>
    </p>
   </div>
   <div class='ocr_carea' id='block_1_7' title="bbox 1574 1670 1612 2716">
    <p class='ocr_par' dir='ltr' id='par_1_18' title="bbox 1574 1670 1612 2716">
     <span class='ocr_line' id='line_1_29' title="bbox 1574 1670 1612 2716; baseline 0 0"><span class='ocrx_word' id='word_1_145' title='bbox 1574 1670 1612 2716; x_wconf 95' lang='lat' dir='ltr'> </span> 
     </span>
    </p>
   </div>
  </div>
 </body>
</html>
