1650 2730
179 152 242 199 28

717 164 983 197 oARMINUM

373 267 470 310 Non
493 280 633 309 vanae
653 268 797 309 redeat
816 268 993 322 sanguis
1013 268 1202 323 imagini,

429 335 581 379 Quam
601 335 723 388 virga
743 334 882 375 semel·
894 334 1075 387 horrida,

371 464 471 506 Non
491 465 598 506 lenis
617 465 813 519 precibus
833 465 1169 518 fatarecludere‚

371 530 503 584 Nigro
523 531 775 585 compulerit
795 531 1035 572 Mercurius
1054 531 1183 585 gregi.

371 597 566 637 Durum:
598 596 673 638 sed
694 597 903 638 levius‘fit
921 597 1138 650 patientia„

425 662 654 716 Quidquid
673 663 877 717 corrigere
896 669 961 704 est
980 662 1114 704 nefas.

637 1029 877 1070 GARMEN
913 1029 1047 1069 XXV.

622 1160 703 1194 AD
752 1160 1065 1189 LYDIAM.

362 1279 541 1321 Parcius
555 1279 729 1334 Junctas
751 1278 954 1332 quatiunt
972 1276 1179 1318 fenestras

361 1345 524 1386 Ictibus
543 1345 698 1386 crebris
712 1346 895 1399 juvenes
914 1343 1107 1396 protervi,

361 1410 453 1452 Nec
473 1411 550 1452 tibi
570 1423 742 1450 somnos
763 1409 972 1460 adimunt,
994 1413 1197 1461 amatque

472 1477 498 1517 J
500 1488 617 1516 anua
636 1475 779 1525 limen,

360 1606 490 1651 Quae
510 1605 628 1658 prius
648 1603 837 1645 multum
856 1603 995 1644 facilis
1014 1603 1215 1645 movebat

361 1671 581 1712 Cardines.
640 1669 780 1711 Audis
800 1670 945 1710 minus
965 1675 1007 1710 et
1026 1670 1171 1711 minus
1183 1670 1304 1725 jam:

320 1737 432 1779 “Me
452 1743 526 1777 tuo
547 1736 697 1789 longas
718 1741 921 1788 pereunte
941 1741 1099 1788 noctes,

469 1801 624 1855 Lydia,
645 1801 804 1842 dormis
819 1801 862 1842 ‘P'

357 1933 551 1976 Invicem
570 1932 770 1974 moechos
791 1945 902 1973 anus
923 1938 1170 1986 arrogantes

361 1999 506 2041 Flebis
527 2000 571 2039 in
592 1999 681 2039 solo
701 1998 807 2039 levis
828 1999 1065 2052 angiportu,

359 2065 549 2107 Thracio
569 2065 807 2105 bacchante
827 2065 967 2119 magis
987 2064 1069 2105 sub
1088 2063 1212 2105 inter-

471 2130 592 2170 lunia
611 2137 763 2171 vento:

359 2261 475 2302 Cum
493 2260 569 2300 tibi
589 2259 777 2312 flagrans
797 2272 927 2311 amor,
949 2267 991 2301 et
1010 2260 1152 2312 libido,

349 2327 490 2383 ‚Quae
510 2325 616 2366 solet
634 2331 791 2365 matres
811 2324 965 2366 furiare
985 2337 1205 2380 equorum,

336 2459 388 2492 15.
411 2455 512 2491 Num.
665 2455 704 2490 C.
721 2465 798 2489 xxv.
813 2455 845 2487 2.
864 2455 1011 2495 jactibus.
1161 2457 1194 2489 5.
1216 2453 1338 2488 faciles.

1471 269 1524 311 15

1458 1997 1512 2039 10
