1612 2716
203 149 301 194 224
736 159 1022 193 sumnum

200 264 434 305 Peccatum
453 263 596 315 fateor,
617 275 720 304 cum
741 269 781 303 te
802 263 863 303 sic
883 270 1071 316 tempore
1090 266 1215 303 laevo

200 329 534 382 Interpellarim:
565 329 639 369 sed
660 328 735 369 des
755 330 930 369 veniam
953 330 1100 380 bonus,
1120 341 1204 368 oro.
1522 327 1552 370 5

201 394 371 440 Quodsi
392 395 646 434 interciderit
667 395 742 435 tibi
762 407 879 435 nunc
901 394 1076 447 aliquid,
1098 400 1260 446 repetes
1280 405 1396 445 mox,

201 463 302 504 Sive
322 470 386 503 est
405 470 585 503 naturae
605 463 685 502 hoc
707 463 798 502 sive
817 463 932 513 artis,
953 462 1087 501 mirus
1107 467 1355 512 utroque.—

199 529 324 573 Quin
345 528 388 567 id
408 535 497 567 erat
516 541 655 578 curae,
677 541 763 579 quo
784 534 908 580 pacto
928 534 1086 567 cuncta
1107 533 1305 576 tenerem,

200 593 354 646 Utpote
375 606 441 633 res
461 600 623 643 tenues,
645 594 764 633 tenui
785 605 978 633 sermone
998 598 1262 644 peractas.—

201 658 296 698 Ede
316 659 502 698 hominis
522 671 705 698 nomen:
726 658 856 698 simul
872 664 913 697 et
928 658 1151 697 Romanus
1171 668 1230 696 an
1249 656 1475 708 hospes.—
1499 655 1554 695 10

199 724 298 776 Ipsa
318 737 481 764 memor
502 730 724 776 praecepta
743 736 911 774 canam,
933 722 1140 762 celabitur
1159 727 1319 761 auctor.

199 789 353 842 Longa
372 790 530 841 quibus
551 789 682 829 facies
702 790 795 829 ovis
815 789 902 839 erit,
924 788 998 828 illa
1018 793 1244 838 memento,

201 853 259 894 Ut
279 855 395 894 succi
416 854 600 894 melioris
620 861 662 894 et
684 862 731 894 ut
751 854 891 907 magis
911 854 1011 893 alba
1030 852 1235 903 rotundis,

199 918 360 959 Ponere
377 933 385 959 :
418 932 606 971 namque
627 932 791 959 marem
810 919 1010 958 cohibent
1029 917 1190 958 callosa
1210 916 1420 957 vitellum.

200 983 337 1024 Caule
356 985 613 1035 suburbano,
634 985 710 1036 qui
730 984 854 1024 siccis
873 984 1006 1023 crevit
1026 983 1070 1022 in
1092 983 1218 1035 agris,
1499 979 1554 1022 15

200 1048 400 1089 Dulcior}
432 1049 588 1101 irriguo
609 1049 718 1088 nihil
738 1056 802 1088 est
822 1048 980 1088 elutius
1003 1048 1133 1087 horto.

199 1114 246 1154 Si
267 1115 535 1166 vespertinus
556 1114 696 1153 subito
717 1121 757 1153 te
776 1113 1028 1166 oppresserit
1048 1113 1216 1165 hospes,

199 1178 265 1219 Ne
286 1179 447 1230 gallina
470 1179 634 1219 malum
654 1185 872 1232 responset
891 1178 1000 1219 dura
1019 1177 1174 1231 palato,

199 1243 364 1284 Doctus
384 1245 465 1284 eris
486 1245 633 1284 vivam
652 1245 789 1285 mixto
809 1257 994 1284 mersare
1014 1243 1222 1284 Falerno:

199 1308 292 1348 Hoc
314 1315 503 1350 teneram
525 1309 662 1350 faciet.
722 1310 1000 1350 Pratensibus
1019 1309 1182 1362 optima
1200 1307 1346 1360 fungis
1494 1307 1554 1348 20

199 1373 365 1414 Natura
384 1382 471 1414 est:
503 1375 600 1415 aliis
620 1375 734 1415 male
753 1374 948 1415 creditur.
1007 1374 1086 1414 Ille
1105 1372 1299 1413 salubres

198 1436 394 1479 Aestates
414 1447 597 1493 peraget,
618 1440 694 1492 qui
715 1440 845 1492 nigris
865 1438 1047 1492 prandia
1066 1437 1195 1478 moris

198 1504 352 1554 Finiet,
375 1512 475 1544 ante
495 1518 670 1557 gravem
690 1517 803 1557 quae
824 1504 970 1557 legerit
991 1504 1136 1544 arbore
1156 1502 1305 1543 solem.

198 1568 402 1608 Aufidius
423 1569 517 1610 sorti
540 1571 746 1610 miscebat
765 1570 896 1610 mella
917 1570 1113 1620 Falerno,

198 1632 415 1683 Mendose‚
437 1636 642 1685 quoniam
662 1635 814 1674 vacuis
833 1635 1095 1674 committere
1116 1632 1238 1672 venis
1492 1631 1550 1672 25

198 1697 270 1737 Nil
290 1697 373 1736 nisi
394 1698 488 1737 lene
509 1698 653 1737 decet:
685 1699 770 1737 leni
790 1698 1035 1750 praecordia
1055 1697 1196 1736 mulso

197 1761 408 1802 Prolueris
428 1762 594 1800 melius.
654 1762 701 1801 Si
721 1761 829 1800 dura
849 1762 1080 1801 morabitur
1099 1761 1238 1812 alvus,

197 1826 378 1867 Mitulus
398 1833 439 1865 et
460 1826 566 1865 viles
586 1825 746 1877 pellent
765 1825 978 1864 obstantia
997 1826 1190 1865 conchae

198 1891 256 1932 Et
277 1891 439 1944 lapathi
459 1891 598 1931 brevis
618 1890 761 1940 herba,
783 1889 857 1929 sed
878 1889 975 1929 albo
995 1902 1081 1929 non
1101 1890 1192 1929 sine
1213 1891 1315 1931 Coo.

197 1956 383 1997 Lubrica
404 1962 629 1996 nascentes
649 1954 827 2008 implent
846 1953 1075 2006 conchylia
1095 1954 1249 2006 lunae;
1489 1954 1547 1996 30

197 2021 282 2063 Sed
302 2034 389 2061 non
409 2034 534 2061 omne
555 2034 671 2061 mare
691 2027 756 2061 est
777 2033 1004 2073 generosae
1025 2019 1158 2059 fertile
1179 2025 1324 2060 testae.

197 2087 360 2128 Murice
383 2087 544 2127 Baiano
565 2087 712 2127 melior
730 2085 919 2127 Lucrina
942 2085 1106 2138 peloris,

198 2152 349 2193 Ostrea
371 2153 555 2204 Circeiis,
578 2153 745 2194 Miseno
762 2151 955 2191 oriuntur
974 2150 1140 2202 echini;

197 2218 443 2258 Pectinibus
464 2218 622 2272 patulis
635 2219 769 2272 jactat
788 2229 836 2256 se
853 2216 981 2256 molle
1002 2216 1255 2256 Tarentum.

197 2282 289 2324 Nec
310 2283 389 2323 sibi
409 2296 641 2324 coenarum
660 2282 803 2336 quivis
823 2288 978 2322 temere
999 2288 1163 2335 arroget
1182 2288 1328 2332 artem,
1488 2280 1545 2322 35

333 2435 384 2468 13.
407 2435 506 2473 alma,
520 2434 560 2468 de
575 2435 660 2478 conj.
749 2434 801 2467 19.
826 2432 942 2472 mulso,
955 2433 995 2466 de
1011 2434 1119 2476 conj-‚-
1139 2438 1258 2472 ιιιιιειο,
1271 2432 1312 2466 de
1326 2433 1411 2475 conj.
