1612 2716
588 190 802 227 mr.
865 193 1032 228 nvn.
1389 187 1489 239 255

197 292 369 336 Reddas
386 293 515 336 dulce
534 295 662 349 loqui,
682 296 834 337 reddes
852 297 987 339 ridere
1004 298 1208 341 decorum
1226 307 1270 342 et

196 358 313 400 Inter
332 360 434 400 vina
453 359 607 414 fugam
625 362 810 402 Cinarae
827 375 1015 404 moerere
1034 372 1263 418 protervae.

198 425 325 465 Forte
344 438 418 478 per
435 433 668 479 angustam
686 428 830 468 tenuis
849 428 1080 482 vulpecula
1099 431 1253 472 rimam

197 489 432 542 Repserat
419 502 466 530 m
484 503 707 532 cumeram
723 491 938 544 frumenti,
958 502 1165 548 pastaque
1185 509 1333 538 rursus
1430 498 1487 539 30

197 553 264 594 Ire
282 553 395 594 foras
412 555 540 608 pleno
559 555 759 629 tendebat
777 569 947 631 corpore
966 558 1150 613 frasu-213

195 747 291 788 Hac
310 761 390 802 ego
408 750 445 790 si
463 751 724 804 compellor
713 754 911 807 rmagine,
930 763 1091 797 cuncta
1109 758 1303 811 resignm

194 813 286 854 Nec
305 827 508 856 somnum
527 816 662 869 plebis
682 817 823 870 laudo,
844 827 964 861 satur
981 821 1179 874 altilium,
1198 835 1280 864 nec
1428 823 1486 865 35

194 878 297 919 Otia
314 879 475 920 divitiis
493 882 689 923 Arabum
707 883 919 926 liberrima
938 893 1070 927 muto.

194 943 331 996 Saepe
350 946 643 988 verecundum
662 948 873 1002 laudasti3
904 964 1065 1004 rexque
1084 960 1290 1005 paterque

194 1008 366 1048 Audisti
384 1022 539 1062 coram,
559 1025 638 1052 nec
658 1014 787 1054 verbo
804 1016 974 1067 parcius
993 1017 1173 1058 absens:

194 1072 374 1125 Inspice,
394 1074 431 1114 si
449 1087 625 1126 possum
643 1077 804 1118 donata
821 1093 1020 1132 reponere
1040 1081 1190 1121 laetus.

194 1136 328 1177 Haud
346 1138 460 1178 male
478 1139 783 1193 Telemachus,
803 1144 940 1195 prolae
959 1145 1159 1197 patientis
1178 1146 1349 1187 Ulixei:
1424 1147 1483 1188 40

194 1201 293 1242 Non
311 1209 376 1241 oet
394 1210 521 1255 aptus
539 1206 661 1256 equis
682 1206 829 1246 Ithace
848 1207 979 1259 locus,
1000 1217 1049 1249 ut
1068 1223 1207 1262 neque
1227 1211 1368 1263 planis

195 1266 416 1307 Porrectus
436 1269 594 1320 spatiis,
614 1282 694 1310 nec
714 1271 876 1311 multae
895 1273 1099 1326 prodigus
1118 1275 1300 1328 herbae;

194 1331 351 1382 Atride,
372 1333 511 1385 magis
530 1341 631 1386 apta
650 1335 725 1375 tibi
745 1342 821 1375 tua
839 1336 954 1377 dona
972 1338 1224 1391 relinquam.

194 1396 383 1437 Parvum
401 1410 535 1450 parva
552 1398 714 1440 decent.
773 1401 883 1442 Mihi
895 1404 989 1455 Jam
1007 1416 1094 1444 non
1113 1405 1230 1457 regia
1247 1405 1402 1457 Roma,

194 1460 280 1501 Sed
300 1474 491 1502 vacuum
510 1463 651 1504 Tibur
669 1465 809 1518 placet
826 1474 905 1506 aut
923 1467 1093 1508 imbelle
1113 1469 1367 1512 Tarentum.
1422 1471 1481 1513 45

193 1525 403 1566 Strenuus
421 1534 464 1566 et
482 1527 600 1568 fortis
618 1530 846 1583 causisque
866 1531 1092 1585 Philippus
1110 1534 1288 1587 agendis

194 1589 360 1641 Clarus,
379 1591 437 1631 ab
453 1591 606 1632 officiis
624 1602 824 1635 octavam
841 1596 1005 1637 circiter
1022 1598 1170 1639 horam

193 1653 314 1694 Dum
332 1655 451 1706 redit,
471 1663 601 1710 atque
621 1659 733 1698 Foro
751 1660 936 1701 nimium
955 1662 1113 1703 distare
1132 1664 1315 1704 Carinas

192 1719 292 1760 Jam
311 1721 484 1772 grandis
502 1730 608 1762 natu
627 1725 826 1776 queritur,
845 1728 1080 1779 conspexit,
1100 1735 1150 1768 ut
1168 1729 1302 1781 aiunt,

192 1784 410 1825 Adrasum
427 1787 645 1838 quendam
664 1801 805 1830 vacua
824 1792 1002 1832 tonsoris
1020 1793 1067 1832 in
1085 1794 1250 1845 umbra,
1423 1796 1481 1836 50

194 1849 379 1888 Cultello
397 1851 581 1903 proprios
598 1862 857 1907 purgantem
876 1856 1026 1897 leniter
1043 1871 1225 1912 ungues,

196 1913 545 1968 Demetri—puer
562 1917 634 1958 hic
652 1931 740 1959 non
759 1919 911 1960 laeve
892 1934 1017 1974 Jusoe
1036 1923 1225 1977 Philippi

194 1978 576 2033 Accipiebat—abi,
595 1996 752 2035 quaere
770 1991 814 2024 et
831 1984 949 2034 refer,
969 1986 1086 2027 unde
1103 1987 1242 2040 domo,
1261 1990 1371 2042 quis,

196 2041 331 2095 Cujus
349 2042 553 2097 fortunae,
572 2059 659 2099 quo
677 2048 733 2088 sit
750 2056 869 2101 patre
886 2062 1028 2102 quove
1046 2059 1234 2104 patrono.

195 2106 246 2155 lt,
266 2105 373 2146 redit
389 2115 432 2147 et
449 2118 603 2162 narrat,
624 2112 846 2154 Vulteium
863 2116 1036 2156 nomine
1056 2116 1247 2170 Menam,
1422 2121 1477 2160 55

196 2170 465 2223 Praeconem,
485 2177 603 2216 tenui
620 2189 765 2229 censu,
785 2179 878 2219 sine
896 2180 1082 2232 crimine,
1102 2189 1264 2234 notum,

197 2235 256 2275 Et
274 2247 491 2288 properare
509 2238 601 2280 loco
618 2248 662 2281 et
677 2255 844 2284 cessare
862 2252 905 2285 et
922 2258 1123 2298 quaerere
1141 2255 1184 2288 et
1202 2249 1265 2288 uti

195 2300 467 2343 Gaudentem
484 2306 710 2358 parvisque
728 2308 947 2351 sodalibus
963 2318 1008 2352 et
1026 2312 1115 2353 lare
1132 2320 1247 2354 certo

638 2454 916 2492 ΔΕΜ.
