<?xml version="1.0" encoding="UTF-8"?>
<!DOCTYPE html PUBLIC "-//W3C//DTD XHTML 1.0 Transitional//EN"
    "http://www.w3.org/TR/xhtml1/DTD/xhtml1-transitional.dtd">
<html xmlns="http://www.w3.org/1999/xhtml" xml:lang="en" lang="en">
 <head>
  <title>
</title>
<meta http-equiv="Content-Type" content="text/html;charset=utf-8" />
  <meta name='ocr-system' content='tesseract 3.04.00' />
  <meta name='ocr-capabilities' content='ocr_page ocr_carea ocr_par ocr_line ocrx_word'/>
</head>
<body>
  <div class='ocr_page' id='page_1' title='image "./workswithenglis00horauoft_0326.png"; bbox 0 0 1612 2716; ppageno 0'>
   <div class='ocr_carea' id='block_1_1' title="bbox 128 98 974 150">
    <p class='ocr_par' dir='ltr' id='par_1_1' title="bbox 128 98 974 150">
     <span class='ocr_line' id='line_1_1' title="bbox 128 98 974 150; baseline 0.006 -5"><span class='ocrx_word' id='word_1_1' title='bbox 128 98 234 146; x_wconf 77' lang='lat'><strong>282</strong></span> <span class='ocrx_word' id='word_1_2' title='bbox 636 115 974 150; x_wconf 66' lang='lat' dir='ltr'><strong>Errsrommm</strong></span> 
     </span>
    </p>
   </div>
   <div class='ocr_carea' id='block_1_2' title="bbox 120 208 1477 2431">
    <p class='ocr_par' dir='ltr' id='par_1_2' title="bbox 125 208 1099 274">
     <span class='ocr_line' id='line_1_2' title="bbox 125 208 1099 274; baseline 0.006 -17"><span class='ocrx_word' id='word_1_3' title='bbox 125 208 325 258; x_wconf 79' lang='lat' dir='ltr'><strong>Iuvenior</strong></span> <span class='ocrx_word' id='word_1_4' title='bbox 345 217 514 258; x_wconf 89' lang='lat' dir='ltr'><strong>Parthis</strong></span> <span class='ocrx_word' id='word_1_5' title='bbox 533 218 791 271; x_wconf 80' lang='lat' dir='ltr'>mendacior,</span> <span class='ocrx_word' id='word_1_6' title='bbox 811 228 854 260; x_wconf 91' lang='lat' dir='ltr'><strong>et</strong></span> <span class='ocrx_word' id='word_1_7' title='bbox 873 221 990 274; x_wconf 90' lang='lat' dir='ltr'><strong>prius</strong></span> <span class='ocrx_word' id='word_1_8' title='bbox 1009 228 1099 263; x_wconf 80' lang='lat' dir='ltr'><strong>orto</strong></span> 
     </span>
    </p>

    <p class='ocr_par' dir='ltr' id='par_1_3' title="bbox 124 282 1232 341">
     <span class='ocr_line' id='line_1_3' title="bbox 124 282 1232 341; baseline 0.007 -19"><span class='ocrx_word' id='word_1_9' title='bbox 124 282 223 323; x_wconf 90' lang='lat' dir='ltr'><strong>Sole</strong></span> <span class='ocrx_word' id='word_1_10' title='bbox 244 282 347 335; x_wconf 89' lang='lat' dir='ltr'><strong>vigil</strong></span> <span class='ocrx_word' id='word_1_11' title='bbox 365 283 586 341; x_wconf 70' lang='lat' dir='ltr'><strong>calamum</strong></span> <span class='ocrx_word' id='word_1_12' title='bbox 605 291 647 324; x_wconf 89' lang='lat' dir='ltr'><strong>et</strong></span> <span class='ocrx_word' id='word_1_13' title='bbox 666 285 836 325; x_wconf 88' lang='lat' dir='ltr'><strong>chartas</strong></span> <span class='ocrx_word' id='word_1_14' title='bbox 855 293 898 326; x_wconf 94' lang='lat' dir='ltr'><strong>et</strong></span> <span class='ocrx_word' id='word_1_15' title='bbox 918 287 1075 340; x_wconf 79' lang='lat' dir='ltr'><strong>scrinia</strong></span> <span class='ocrx_word' id='word_1_16' title='bbox 1094 300 1232 341; x_wconf 75' lang='lat' dir='ltr'><strong>posco·</strong></span> 
     </span>
    </p>

    <p class='ocr_par' dir='ltr' id='par_1_4' title="bbox 125 348 1477 533">
     <span class='ocr_line' id='line_1_4' title="bbox 125 348 1365 409; baseline 0.007 -22"><span class='ocrx_word' id='word_1_17' title='bbox 125 348 285 388; x_wconf 89' lang='lat' dir='ltr'><strong>Navim</strong></span> <span class='ocrx_word' id='word_1_18' title='bbox 305 361 429 401; x_wconf 90' lang='lat' dir='ltr'><strong>agere</strong></span> <span class='ocrx_word' id='word_1_19' title='bbox 449 349 623 402; x_wconf 82' lang='lat' dir='ltr'><strong>ignarus</strong></span> <span class='ocrx_word' id='word_1_20' title='bbox 644 351 769 391; x_wconf 89' lang='lat' dir='ltr'><strong>navis</strong></span> <span class='ocrx_word' id='word_1_21' title='bbox 790 352 932 405; x_wconf 90' lang='lat' dir='ltr'><strong>timet;</strong></span> <span class='ocrx_word' id='word_1_22' title='bbox 964 354 1219 398; x_wconf 85' lang='lat' dir='ltr'><strong>abrotonum</strong></span> <span class='ocrx_word' id='word_1_23' title='bbox 1237 367 1365 409; x_wconf 75' lang='lat' dir='ltr'><strong>aegro</strong></span> 
     </span>
     <span class='ocr_line' id='line_1_5' title="bbox 125 413 1477 473; baseline 0.008 -21"><span class='ocrx_word' id='word_1_24' title='bbox 125 413 223 453; x_wconf 91' lang='lat' dir='ltr'><strong>Non</strong></span> <span class='ocrx_word' id='word_1_25' title='bbox 235 413 377 465; x_wconf 90' lang='lat' dir='ltr'><strong>audet,</strong></span> <span class='ocrx_word' id='word_1_26' title='bbox 391 414 474 454; x_wconf 91' lang='lat' dir='ltr'><strong>nisi</strong></span> <span class='ocrx_word' id='word_1_27' title='bbox 491 415 567 467; x_wconf 91' lang='lat' dir='ltr'><strong>qui</strong></span> <span class='ocrx_word' id='word_1_28' title='bbox 579 415 737 467; x_wconf 88' lang='lat' dir='ltr'>didicit,</span> <span class='ocrx_word' id='word_1_29' title='bbox 752 416 872 458; x_wconf 89' lang='lat' dir='ltr'><strong>dare:</strong></span> <span class='ocrx_word' id='word_1_30' title='bbox 894 418 1011 470; x_wconf 90' lang='lat' dir='ltr'><strong>quod</strong></span> <span class='ocrx_word' id='word_1_31' title='bbox 1023 419 1287 462; x_wconf 86' lang='lat' dir='ltr'><strong>medicorum</strong></span> <span class='ocrx_word' id='word_1_32' title='bbox 1296 427 1372 473; x_wconf 84' lang='lat' dir='ltr'><strong>est,</strong></span> <span class='ocrx_word' id='word_1_33' title='bbox 1395 421 1477 463; x_wconf 95' lang='grc'><strong>115</strong></span> 
     </span>
     <span class='ocr_line' id='line_1_6' title="bbox 125 479 1138 533; baseline 0.008 -15"><span class='ocrx_word' id='word_1_34' title='bbox 125 479 381 519; x_wconf 81' lang='lat' dir='ltr'><strong>Promittant</strong></span> <span class='ocrx_word' id='word_1_35' title='bbox 401 480 580 533; x_wconf 88' lang='lat' dir='ltr'><strong>medici;</strong></span> <span class='ocrx_word' id='word_1_36' title='bbox 614 488 796 522; x_wconf 89' lang='lat' dir='ltr'><strong>tractant</strong></span> <span class='ocrx_word' id='word_1_37' title='bbox 815 482 983 524; x_wconf 84' lang='lat' dir='ltr'>fabrilia</span> <span class='ocrx_word' id='word_1_38' title='bbox 1004 484 1112 525; x_wconf 83' lang='lat' dir='ltr'><strong>fabri</strong></span> <span class='ocrx_word' id='word_1_39' title='bbox 1129 499 1138 526; x_wconf 94' lang='lat'><strong>:</strong></span> 
     </span>
    </p>

    <p class='ocr_par' dir='ltr' id='par_1_5' title="bbox 123 544 1167 602">
     <span class='ocr_line' id='line_1_7' title="bbox 123 544 1167 602; baseline 0.006 -18"><span class='ocrx_word' id='word_1_40' title='bbox 123 544 358 585; x_wconf 87' lang='lat' dir='ltr'><strong>Scribimus</strong></span> <span class='ocrx_word' id='word_1_41' title='bbox 378 544 536 585; x_wconf 89' lang='lat' dir='ltr'><strong>indocti</strong></span> <span class='ocrx_word' id='word_1_42' title='bbox 557 545 756 599; x_wconf 90' lang='lat' dir='ltr'><strong>doctique</strong></span> <span class='ocrx_word' id='word_1_43' title='bbox 776 556 974 600; x_wconf 83' lang='lat' dir='ltr'><strong>poemata</strong></span> <span class='ocrx_word' id='word_1_44' title='bbox 994 550 1167 602; x_wconf 88' lang='lat' dir='ltr'><strong>passim.</strong></span> 
     </span>
    </p>

    <p class='ocr_par' dir='ltr' id='par_1_6' title="bbox 123 609 1210 667">
     <span class='ocr_line' id='line_1_8' title="bbox 123 609 1210 667; baseline 0.006 -19"><span class='ocrx_word' id='word_1_45' title='bbox 123 609 206 649; x_wconf 89' lang='lat' dir='ltr'><strong>Hic</strong></span> <span class='ocrx_word' id='word_1_46' title='bbox 227 622 338 649; x_wconf 90' lang='lat' dir='ltr'><strong>error</strong></span> <span class='ocrx_word' id='word_1_47' title='bbox 357 617 502 650; x_wconf 87' lang='lat' dir='ltr'><strong>tamen</strong></span> <span class='ocrx_word' id='word_1_48' title='bbox 521 618 563 650; x_wconf 90' lang='lat' dir='ltr'><strong>et</strong></span> <span class='ocrx_word' id='word_1_49' title='bbox 583 611 689 651; x_wconf 90' lang='lat' dir='ltr'><strong>levis</strong></span> <span class='ocrx_word' id='word_1_50' title='bbox 711 613 816 653; x_wconf 86' lang='lat' dir='ltr'><strong>haec</strong></span> <span class='ocrx_word' id='word_1_51' title='bbox 836 614 1006 654; x_wconf 89' lang='lat' dir='ltr'><strong>insania</strong></span> <span class='ocrx_word' id='word_1_52' title='bbox 1023 621 1210 667; x_wconf 82' lang='lat' dir='ltr'><strong>quantas</strong></span> 
     </span>
    </p>

    <p class='ocr_par' dir='ltr' id='par_1_7' title="bbox 123 674 1100 730">
     <span class='ocr_line' id='line_1_9' title="bbox 123 674 1100 730; baseline 0.006 -16"><span class='ocrx_word' id='word_1_53' title='bbox 123 674 309 715; x_wconf 83' lang='lat' dir='ltr'><strong>Virtutes</strong></span> <span class='ocrx_word' id='word_1_54' title='bbox 329 675 496 727; x_wconf 87' lang='lat' dir='ltr'><strong>habeat,</strong></span> <span class='ocrx_word' id='word_1_55' title='bbox 519 676 580 716; x_wconf 88' lang='lat' dir='ltr'><strong>sic</strong></span> <span class='ocrx_word' id='word_1_56' title='bbox 600 677 775 730; x_wconf 90' lang='lat' dir='ltr'><strong>collige:</strong></span> <span class='ocrx_word' id='word_1_57' title='bbox 807 681 920 718; x_wconf 91' lang='lat' dir='ltr'><strong>vatis</strong></span> <span class='ocrx_word' id='word_1_58' title='bbox 941 691 1100 720; x_wconf 88' lang='lat' dir='ltr'><strong>avarus</strong></span> 
     </span>
    </p>

    <p class='ocr_par' dir='ltr' id='par_1_8' title="bbox 122 740 1474 862">
     <span class='ocr_line' id='line_1_10' title="bbox 123 740 1474 796; baseline 0.005 -16"><span class='ocrx_word' id='word_1_59' title='bbox 123 740 220 780; x_wconf 91' lang='lat' dir='ltr'><strong>Non</strong></span> <span class='ocrx_word' id='word_1_60' title='bbox 241 747 397 781; x_wconf 90' lang='lat' dir='ltr'><strong>temere</strong></span> <span class='ocrx_word' id='word_1_61' title='bbox 417 748 482 781; x_wconf 89' lang='lat' dir='ltr'><strong>est</strong></span> <span class='ocrx_word' id='word_1_62' title='bbox 501 742 698 795; x_wconf 87' lang='lat' dir='ltr'><strong>animus;</strong></span> <span class='ocrx_word' id='word_1_63' title='bbox 730 756 880 784; x_wconf 91' lang='lat' dir='ltr'><strong>versus</strong></span> <span class='ocrx_word' id='word_1_64' title='bbox 900 751 1029 796; x_wconf 85' lang='lat' dir='ltr'><strong>amat,</strong></span> <span class='ocrx_word' id='word_1_65' title='bbox 1051 745 1133 785; x_wconf 88' lang='lat' dir='ltr'><strong>hoc</strong></span> <span class='ocrx_word' id='word_1_66' title='bbox 1152 745 1296 786; x_wconf 88' lang='lat' dir='ltr'><strong>studet</strong></span> <span class='ocrx_word' id='word_1_67' title='bbox 1314 758 1474 787; x_wconf 73' lang='lat' dir='ltr'><strong>unumz</strong></span> 
     </span>
     <span class='ocr_line' id='line_1_11' title="bbox 122 806 1160 862; baseline 0.003 -15"><span class='ocrx_word' id='word_1_68' title='bbox 122 806 399 858; x_wconf 67' lang='lat' dir='ltr'><strong>Detrimenta,</strong></span> <span class='ocrx_word' id='word_1_69' title='bbox 421 806 548 860; x_wconf 86' lang='lat' dir='ltr'><strong>fugas</strong></span> <span class='ocrx_word' id='word_1_70' title='bbox 569 821 800 859; x_wconf 89' lang='lat' dir='ltr'><strong>servorum,</strong></span> <span class='ocrx_word' id='word_1_71' title='bbox 822 809 1023 850; x_wconf 85' lang='lat' dir='ltr'><strong>incendia</strong></span> <span class='ocrx_word' id='word_1_72' title='bbox 1043 809 1160 862; x_wconf 85' lang='lat' dir='ltr'><strong>ridet,</strong></span> 
     </span>
    </p>

    <p class='ocr_par' dir='ltr' id='par_1_9' title="bbox 123 871 1155 928">
     <span class='ocr_line' id='line_1_12' title="bbox 123 871 1155 928; baseline 0.004 -16"><span class='ocrx_word' id='word_1_73' title='bbox 123 871 220 912; x_wconf 90' lang='lat' dir='ltr'><strong>Non</strong></span> <span class='ocrx_word' id='word_1_74' title='bbox 241 871 438 913; x_wconf 90' lang='lat' dir='ltr'><strong>fraudem</strong></span> <span class='ocrx_word' id='word_1_75' title='bbox 458 874 571 913; x_wconf 90' lang='lat' dir='ltr'><strong>socio</strong></span> <span class='ocrx_word' id='word_1_76' title='bbox 590 886 774 926; x_wconf 86' lang='lat' dir='ltr'><strong>puerove</strong></span> <span class='ocrx_word' id='word_1_77' title='bbox 795 874 999 928; x_wconf 83' lang='lat' dir='ltr'><strong>incogitat</strong></span> <span class='ocrx_word' id='word_1_78' title='bbox 1018 875 1155 916; x_wconf 88' lang='lat' dir='ltr'><strong>ullam</strong></span> 
     </span>
    </p>

    <p class='ocr_par' dir='ltr' id='par_1_10' title="bbox 123 936 1067 993">
     <span class='ocr_line' id='line_1_13' title="bbox 123 936 1067 993; baseline 0.005 -17"><span class='ocrx_word' id='word_1_79' title='bbox 123 936 316 989; x_wconf 88' lang='lat' dir='ltr'><strong>Pupillo;</strong></span> <span class='ocrx_word' id='word_1_80' title='bbox 348 939 457 978; x_wconf 91' lang='lat' dir='ltr'><strong>vivit</strong></span> <span class='ocrx_word' id='word_1_81' title='bbox 477 939 643 992; x_wconf 81' lang='lat' dir='ltr'><strong>siliquis</strong></span> <span class='ocrx_word' id='word_1_82' title='bbox 663 947 704 979; x_wconf 92' lang='lat' dir='ltr'><strong>et</strong></span> <span class='ocrx_word' id='word_1_83' title='bbox 723 953 834 993; x_wconf 91' lang='lat' dir='ltr'><strong>pane</strong></span> <span class='ocrx_word' id='word_1_84' title='bbox 854 940 1067 993; x_wconf 80' lang='lat' dir='ltr'><strong>secund03</strong></span> 
     </span>
    </p>

    <p class='ocr_par' dir='ltr' id='par_1_11' title="bbox 125 1002 1218 1058">
     <span class='ocr_line' id='line_1_14' title="bbox 125 1002 1218 1058; baseline 0.005 -17"><span class='ocrx_word' id='word_1_85' title='bbox 125 1002 302 1043; x_wconf 85' lang='lat' dir='ltr'><strong>Militiae</strong></span> <span class='ocrx_word' id='word_1_86' title='bbox 323 1017 578 1056; x_wconf 86' lang='lat' dir='ltr'><strong>quanquam</strong></span> <span class='ocrx_word' id='word_1_87' title='bbox 600 1006 717 1058; x_wconf 87' lang='lat' dir='ltr'><strong>piger</strong></span> <span class='ocrx_word' id='word_1_88' title='bbox 736 1013 778 1045; x_wconf 92' lang='lat' dir='ltr'><strong>et</strong></span> <span class='ocrx_word' id='word_1_89' title='bbox 798 1006 951 1056; x_wconf 80' lang='lat' dir='ltr'><strong>malus,</strong></span> <span class='ocrx_word' id='word_1_90' title='bbox 973 1005 1091 1046; x_wconf 91' lang='lat' dir='ltr'><strong>utilis</strong></span> <span class='ocrx_word' id='word_1_91' title='bbox 1111 1006 1218 1058; x_wconf 91' lang='lat' dir='ltr'><strong>urbi,</strong></span> 
     </span>
    </p>

    <p class='ocr_par' dir='ltr' id='par_1_12' title="bbox 122 1067 1475 1190">
     <span class='ocr_line' id='line_1_15' title="bbox 123 1067 1475 1126; baseline 0.004 -19"><span class='ocrx_word' id='word_1_92' title='bbox 123 1067 167 1107; x_wconf 88' lang='lat' dir='ltr'><strong>Si</strong></span> <span class='ocrx_word' id='word_1_93' title='bbox 191 1068 268 1107; x_wconf 89' lang='lat' dir='ltr'><strong>das</strong></span> <span class='ocrx_word' id='word_1_94' title='bbox 293 1069 382 1119; x_wconf 87' lang='lat' dir='ltr'><strong>hoc,</strong></span> <span class='ocrx_word' id='word_1_95' title='bbox 405 1070 547 1121; x_wconf 85' lang='lat' dir='ltr'><strong>parvis</strong></span> <span class='ocrx_word' id='word_1_96' title='bbox 567 1082 740 1122; x_wconf 92' lang='lat' dir='ltr'><strong>quoque</strong></span> <span class='ocrx_word' id='word_1_97' title='bbox 761 1071 887 1111; x_wconf 91' lang='lat' dir='ltr'><strong>rebus</strong></span> <span class='ocrx_word' id='word_1_98' title='bbox 908 1084 1069 1124; x_wconf 87' lang='lat' dir='ltr'><strong>magna</strong></span> <span class='ocrx_word' id='word_1_99' title='bbox 1081 1071 1238 1126; x_wconf 85' lang='lat' dir='ltr'><strong>juvari.</strong></span> <span class='ocrx_word' id='word_1_100' title='bbox 1395 1071 1475 1114; x_wconf 82' lang='grc'><strong>125</strong></span> 
     </span>
     <span class='ocr_line' id='line_1_16' title="bbox 122 1133 1159 1190; baseline 0.006 -18"><span class='ocrx_word' id='word_1_101' title='bbox 122 1133 185 1173; x_wconf 89' lang='lat' dir='ltr'><strong>Os</strong></span> <span class='ocrx_word' id='word_1_102' title='bbox 207 1141 400 1174; x_wconf 88' lang='lat' dir='ltr'><strong>tenerum</strong></span> <span class='ocrx_word' id='word_1_103' title='bbox 420 1136 540 1187; x_wconf 89' lang='lat' dir='ltr'><strong>pueri</strong></span> <span class='ocrx_word' id='word_1_104' title='bbox 560 1136 824 1188; x_wconf 88' lang='lat' dir='ltr'><strong>balbumque</strong></span> <span class='ocrx_word' id='word_1_105' title='bbox 845 1144 969 1190; x_wconf 87' lang='lat' dir='ltr'><strong>poeta</strong></span> <span class='ocrx_word' id='word_1_106' title='bbox 989 1137 1159 1190; x_wconf 87' lang='lat' dir='ltr'><strong>figurat,</strong></span> 
     </span>
    </p>

    <p class='ocr_par' dir='ltr' id='par_1_13' title="bbox 123 1200 1343 1255">
     <span class='ocr_line' id='line_1_17' title="bbox 123 1200 1343 1255; baseline 0.004 -16"><span class='ocrx_word' id='word_1_107' title='bbox 123 1200 317 1252; x_wconf 86' lang='lat' dir='ltr'><strong>Torquet</strong></span> <span class='ocrx_word' id='word_1_108' title='bbox 336 1201 392 1240; x_wconf 90' lang='lat' dir='ltr'><strong>ab</strong></span> <span class='ocrx_word' id='word_1_109' title='bbox 411 1201 633 1241; x_wconf 90' lang='lat' dir='ltr'><strong>obscoenis</strong></span> <span class='ocrx_word' id='word_1_110' title='bbox 646 1203 739 1255; x_wconf 89' lang='lat' dir='ltr'><strong>jam</strong></span> <span class='ocrx_word' id='word_1_111' title='bbox 759 1214 877 1242; x_wconf 90' lang='lat' dir='ltr'><strong>nunc</strong></span> <span class='ocrx_word' id='word_1_112' title='bbox 897 1203 1164 1243; x_wconf 84' lang='lat' dir='ltr'><strong>sermonibus</strong></span> <span class='ocrx_word' id='word_1_113' title='bbox 1183 1214 1343 1255; x_wconf 87' lang='lat' dir='ltr'><strong>aurem,</strong></span> 
     </span>
    </p>

    <p class='ocr_par' dir='ltr' id='par_1_14' title="bbox 123 1266 1160 1321">
     <span class='ocr_line' id='line_1_18' title="bbox 123 1266 1160 1321; baseline 0.005 -17"><span class='ocrx_word' id='word_1_114' title='bbox 123 1266 227 1305; x_wconf 86' lang='lat' dir='ltr'><strong>Mox</strong></span> <span class='ocrx_word' id='word_1_115' title='bbox 249 1267 379 1306; x_wconf 88' lang='lat' dir='ltr'><strong>etiam</strong></span> <span class='ocrx_word' id='word_1_116' title='bbox 397 1273 547 1319; x_wconf 89' lang='lat' dir='ltr'><strong>pectus</strong></span> <span class='ocrx_word' id='word_1_117' title='bbox 567 1268 803 1321; x_wconf 87' lang='lat' dir='ltr'><strong>praeceptis</strong></span> <span class='ocrx_word' id='word_1_118' title='bbox 823 1267 978 1308; x_wconf 88' lang='lat' dir='ltr'><strong>format</strong></span> <span class='ocrx_word' id='word_1_119' title='bbox 997 1268 1160 1321; x_wconf 86' lang='lat' dir='ltr'><strong>amicis,</strong></span> 
     </span>
    </p>

    <p class='ocr_par' dir='ltr' id='par_1_15' title="bbox 122 1332 1118 1386">
     <span class='ocr_line' id='line_1_19' title="bbox 122 1332 1118 1386; baseline 0.003 -16"><span class='ocrx_word' id='word_1_120' title='bbox 122 1332 372 1383; x_wconf 89' lang='lat' dir='ltr'><strong>Asperitatis</strong></span> <span class='ocrx_word' id='word_1_121' title='bbox 392 1338 435 1371; x_wconf 85' lang='lat' dir='ltr'><strong>et</strong></span> <span class='ocrx_word' id='word_1_122' title='bbox 454 1332 643 1372; x_wconf 87' lang='lat' dir='ltr'><strong>invidiae</strong></span> <span class='ocrx_word' id='word_1_123' title='bbox 663 1340 868 1373; x_wconf 89' lang='lat' dir='ltr'><strong>corrector</strong></span> <span class='ocrx_word' id='word_1_124' title='bbox 887 1339 929 1374; x_wconf 89' lang='lat' dir='ltr'><strong>et</strong></span> <span class='ocrx_word' id='word_1_125' title='bbox 947 1334 1059 1386; x_wconf 89' lang='lat' dir='ltr'><strong>irae;</strong></span> <span class='ocrx_word' id='word_1_126' title='bbox 1112 1370 1118 1373; x_wconf 88' lang='lat'>.</span> 
     </span>
    </p>

    <p class='ocr_par' dir='ltr' id='par_1_16' title="bbox 121 1396 1475 1518">
     <span class='ocr_line' id='line_1_20' title="bbox 121 1396 1475 1451; baseline 0.004 -15"><span class='ocrx_word' id='word_1_127' title='bbox 121 1397 252 1437; x_wconf 88' lang='lat' dir='ltr'><strong>Recte</strong></span> <span class='ocrx_word' id='word_1_128' title='bbox 273 1396 388 1437; x_wconf 89' lang='lat' dir='ltr'><strong>facta</strong></span> <span class='ocrx_word' id='word_1_129' title='bbox 407 1397 541 1448; x_wconf 87' lang='lat' dir='ltr'><strong>refert,</strong></span> <span class='ocrx_word' id='word_1_130' title='bbox 563 1398 742 1438; x_wconf 88' lang='lat' dir='ltr'><strong>orientia</strong></span> <span class='ocrx_word' id='word_1_131' title='bbox 762 1405 952 1451; x_wconf 86' lang='lat' dir='ltr'><strong>tempora</strong></span> <span class='ocrx_word' id='word_1_132' title='bbox 971 1399 1084 1440; x_wconf 88' lang='lat' dir='ltr'><strong>notis</strong></span> <span class='ocrx_word' id='word_1_133' title='bbox 1227 1430 1229 1432; x_wconf 89' lang='lat'>-</span> <span class='ocrx_word' id='word_1_134' title='bbox 1393 1399 1475 1441; x_wconf 85' lang='lat'><strong>130</strong></span> 
     </span>
     <span class='ocr_line' id='line_1_21' title="bbox 122 1463 1186 1518; baseline 0.004 -17"><span class='ocrx_word' id='word_1_135' title='bbox 122 1463 299 1502; x_wconf 88' lang='lat' dir='ltr'><strong>Instruit</strong></span> <span class='ocrx_word' id='word_1_136' title='bbox 318 1463 540 1515; x_wconf 85' lang='lat' dir='ltr'><strong>exempliS‚</strong></span> <span class='ocrx_word' id='word_1_137' title='bbox 563 1464 734 1516; x_wconf 86' lang='lat' dir='ltr'><strong>inopem</strong></span> <span class='ocrx_word' id='word_1_138' title='bbox 753 1464 914 1504; x_wconf 88' lang='lat' dir='ltr'><strong>solatur</strong></span> <span class='ocrx_word' id='word_1_139' title='bbox 933 1471 975 1504; x_wconf 92' lang='lat' dir='ltr'><strong>et</strong></span> <span class='ocrx_word' id='word_1_140' title='bbox 995 1477 1186 1518; x_wconf 88' lang='lat' dir='ltr'><strong>aegrum.</strong></span> 
     </span>
    </p>

    <p class='ocr_par' dir='ltr' id='par_1_17' title="bbox 122 1527 1041 1583">
     <span class='ocr_line' id='line_1_22' title="bbox 122 1527 1041 1583; baseline 0.004 -17"><span class='ocrx_word' id='word_1_141' title='bbox 122 1527 263 1567; x_wconf 86' lang='lat' dir='ltr'><strong>Castis</strong></span> <span class='ocrx_word' id='word_1_142' title='bbox 283 1541 385 1568; x_wconf 91' lang='lat' dir='ltr'><strong>cum</strong></span> <span class='ocrx_word' id='word_1_143' title='bbox 405 1529 546 1581; x_wconf 87' lang='lat' dir='ltr'><strong>pueris</strong></span> <span class='ocrx_word' id='word_1_144' title='bbox 566 1529 717 1581; x_wconf 83' lang='lat' dir='ltr'><strong>ignara</strong></span> <span class='ocrx_word' id='word_1_145' title='bbox 736 1529 881 1583; x_wconf 90' lang='lat' dir='ltr'><strong>puella</strong></span> <span class='ocrx_word' id='word_1_146' title='bbox 901 1530 1041 1570; x_wconf 87' lang='lat' dir='ltr'><strong>mariti</strong></span> 
     </span>
    </p>

    <p class='ocr_par' dir='ltr' id='par_1_18' title="bbox 124 1593 1255 1647">
     <span class='ocr_line' id='line_1_23' title="bbox 124 1593 1255 1647; baseline 0.003 -15"><span class='ocrx_word' id='word_1_147' title='bbox 124 1593 317 1647; x_wconf 87' lang='lat' dir='ltr'><strong>Disceret</strong></span> <span class='ocrx_word' id='word_1_148' title='bbox 338 1593 453 1633; x_wconf 89' lang='lat' dir='ltr'><strong>unde</strong></span> <span class='ocrx_word' id='word_1_149' title='bbox 473 1607 629 1646; x_wconf 83' lang='lat' dir='ltr'><strong>preces,</strong></span> <span class='ocrx_word' id='word_1_150' title='bbox 652 1602 797 1635; x_wconf 86' lang='lat' dir='ltr'><strong>vatem</strong></span> <span class='ocrx_word' id='word_1_151' title='bbox 817 1595 862 1634; x_wconf 88' lang='lat' dir='ltr'><strong>ni</strong></span> <span class='ocrx_word' id='word_1_152' title='bbox 883 1595 1012 1634; x_wconf 89' lang='lat' dir='ltr'><strong>Musa</strong></span> <span class='ocrx_word' id='word_1_153' title='bbox 1032 1593 1222 1635; x_wconf 85' lang='lat' dir='ltr'><strong>dedisset</strong></span> <span class='ocrx_word' id='word_1_154' title='bbox 1235 1595 1255 1636; x_wconf 74' lang='lat'><strong>:²</strong></span> 
     </span>
    </p>

    <p class='ocr_par' dir='ltr' id='par_1_19' title="bbox 120 1658 1474 1843">
     <span class='ocr_line' id='line_1_24' title="bbox 123 1658 1265 1712; baseline 0.004 -15"><span class='ocrx_word' id='word_1_155' title='bbox 123 1658 265 1698; x_wconf 90' lang='lat' dir='ltr'><strong>Poscit</strong></span> <span class='ocrx_word' id='word_1_156' title='bbox 285 1671 409 1711; x_wconf 90' lang='lat' dir='ltr'><strong>opem</strong></span> <span class='ocrx_word' id='word_1_157' title='bbox 429 1659 585 1698; x_wconf 90' lang='lat' dir='ltr'><strong>chorus</strong></span> <span class='ocrx_word' id='word_1_158' title='bbox 605 1666 647 1698; x_wconf 91' lang='lat' dir='ltr'><strong>et</strong></span> <span class='ocrx_word' id='word_1_159' title='bbox 667 1660 906 1711; x_wconf 89' lang='lat' dir='ltr'><strong>praesentia</strong></span> <span class='ocrx_word' id='word_1_160' title='bbox 925 1660 1107 1700; x_wconf 84' lang='lat' dir='ltr'><strong>numina</strong></span> <span class='ocrx_word' id='word_1_161' title='bbox 1128 1660 1265 1712; x_wconf 88' lang='lat' dir='ltr'><strong>sentit,</strong></span> 
     </span>
     <span class='ocr_line' id='line_1_25' title="bbox 120 1723 1474 1777; baseline 0.003 -13"><span class='ocrx_word' id='word_1_162' title='bbox 120 1723 335 1764; x_wconf 88' lang='lat' dir='ltr'><strong>Coelestes</strong></span> <span class='ocrx_word' id='word_1_163' title='bbox 356 1723 552 1775; x_wconf 88' lang='lat' dir='ltr'><strong>implorat</strong></span> <span class='ocrx_word' id='word_1_164' title='bbox 572 1736 709 1776; x_wconf 91' lang='lat' dir='ltr'><strong>aquas</strong></span> <span class='ocrx_word' id='word_1_165' title='bbox 729 1723 855 1764; x_wconf 83' lang='lat' dir='ltr'><strong>docta</strong></span> <span class='ocrx_word' id='word_1_166' title='bbox 875 1737 997 1777; x_wconf 87' lang='lat' dir='ltr'><strong>prece</strong></span> <span class='ocrx_word' id='word_1_167' title='bbox 1017 1724 1216 1777; x_wconf 86' lang='lat' dir='ltr'><strong>blandus,</strong></span> <span class='ocrx_word' id='word_1_168' title='bbox 1393 1726 1474 1768; x_wconf 83' lang='lat'><strong>135</strong></span> 
     </span>
     <span class='ocr_line' id='line_1_26' title="bbox 122 1788 1097 1843; baseline 0.001 -15"><span class='ocrx_word' id='word_1_169' title='bbox 122 1789 288 1829; x_wconf 87' lang='lat' dir='ltr'><strong>Avertit</strong></span> <span class='ocrx_word' id='word_1_170' title='bbox 307 1789 486 1839; x_wconf 86' lang='lat' dir='ltr'><strong>morbos,</strong></span> <span class='ocrx_word' id='word_1_171' title='bbox 508 1788 740 1829; x_wconf 88' lang='lat' dir='ltr'><strong>metuenda</strong></span> <span class='ocrx_word' id='word_1_172' title='bbox 760 1789 949 1842; x_wconf 89' lang='lat' dir='ltr'><strong>pericula</strong></span> <span class='ocrx_word' id='word_1_173' title='bbox 968 1789 1097 1843; x_wconf 88' lang='lat' dir='ltr'><strong>pellit,</strong></span> 
     </span>
    </p>

    <p class='ocr_par' dir='ltr' id='par_1_20' title="bbox 121 1853 1307 1972">
     <span class='ocr_line' id='line_1_27' title="bbox 121 1853 1307 1908; baseline 0.002 -12"><span class='ocrx_word' id='word_1_174' title='bbox 121 1855 324 1907; x_wconf 72' lang='lat' dir='ltr'><strong>impetrat</strong></span> <span class='ocrx_word' id='word_1_175' title='bbox 343 1861 384 1893; x_wconf 93' lang='lat' dir='ltr'><strong>et</strong></span> <span class='ocrx_word' id='word_1_176' title='bbox 403 1866 553 1906; x_wconf 87' lang='lat' dir='ltr'><strong>pacem</strong></span> <span class='ocrx_word' id='word_1_177' title='bbox 574 1861 617 1894; x_wconf 89' lang='lat' dir='ltr'><strong>et</strong></span> <span class='ocrx_word' id='word_1_178' title='bbox 636 1854 892 1907; x_wconf 90' lang='lat' dir='ltr'><strong>locupletem</strong></span> <span class='ocrx_word' id='word_1_179' title='bbox 911 1853 1107 1908; x_wconf 82' lang='lat' dir='ltr'><strong>frugibus</strong></span> <span class='ocrx_word' id='word_1_180' title='bbox 1126 1867 1307 1898; x_wconf 81' lang='lat' dir='ltr'><strong>annum.</strong></span> 
     </span>
     <span class='ocr_line' id='line_1_28' title="bbox 121 1918 1197 1972; baseline 0.002 -12"><span class='ocrx_word' id='word_1_181' title='bbox 121 1920 321 1960; x_wconf 85' lang='lat' dir='ltr'><strong>Carmine</strong></span> <span class='ocrx_word' id='word_1_182' title='bbox 342 1918 387 1959; x_wconf 79' lang='lat' dir='ltr'><strong>di</strong></span> <span class='ocrx_word' id='word_1_183' title='bbox 407 1920 548 1972; x_wconf 90' lang='lat' dir='ltr'><strong>superi</strong></span> <span class='ocrx_word' id='word_1_184' title='bbox 569 1919 804 1972; x_wconf 86' lang='lat' dir='ltr'><strong>placantur,</strong></span> <span class='ocrx_word' id='word_1_185' title='bbox 825 1920 1014 1961; x_wconf 88' lang='lat' dir='ltr'><strong>carmine</strong></span> <span class='ocrx_word' id='word_1_186' title='bbox 1034 1933 1197 1962; x_wconf 88' lang='lat' dir='ltr'><strong>manes.</strong></span> 
     </span>
    </p>

    <p class='ocr_par' dir='ltr' id='par_1_21' title="bbox 121 1985 1027 2039">
     <span class='ocr_line' id='line_1_29' title="bbox 121 1985 1027 2039; baseline 0 -13"><span class='ocrx_word' id='word_1_187' title='bbox 121 1985 343 2038; x_wconf 89' lang='lat' dir='ltr'><strong>Agricolae</strong></span> <span class='ocrx_word' id='word_1_188' title='bbox 365 1985 500 2038; x_wconf 89' lang='lat' dir='ltr'><strong>prisci,</strong></span> <span class='ocrx_word' id='word_1_189' title='bbox 522 1985 648 2025; x_wconf 87' lang='lat' dir='ltr'><strong>fortes</strong></span> <span class='ocrx_word' id='word_1_190' title='bbox 667 1999 883 2039; x_wconf 86' lang='lat' dir='ltr'><strong>parvoque</strong></span> <span class='ocrx_word' id='word_1_191' title='bbox 904 1987 1027 2037; x_wconf 89' lang='lat' dir='ltr'><strong>beati,</strong></span> 
     </span>
    </p>

    <p class='ocr_par' dir='ltr' id='par_1_22' title="bbox 121 2050 1474 2170">
     <span class='ocr_line' id='line_1_30' title="bbox 121 2050 1474 2104; baseline 0.002 -13"><span class='ocrx_word' id='word_1_192' title='bbox 121 2050 306 2092; x_wconf 87' lang='lat' dir='ltr'><strong>Condita</strong></span> <span class='ocrx_word' id='word_1_193' title='bbox 326 2057 420 2103; x_wconf 92' lang='lat' dir='ltr'><strong>post</strong></span> <span class='ocrx_word' id='word_1_194' title='bbox 440 2050 655 2091; x_wconf 86' lang='lat' dir='ltr'><strong>frumenta</strong></span> <span class='ocrx_word' id='word_1_195' title='bbox 675 2051 867 2091; x_wconf 88' lang='lat' dir='ltr'><strong>levantes</strong></span> <span class='ocrx_word' id='word_1_196' title='bbox 887 2057 1075 2104; x_wconf 89' lang='lat' dir='ltr'><strong>tempore</strong></span> <span class='ocrx_word' id='word_1_197' title='bbox 1094 2050 1202 2092; x_wconf 87' lang='lat' dir='ltr'><strong>festo</strong></span> <span class='ocrx_word' id='word_1_198' title='bbox 1391 2051 1474 2094; x_wconf 85' lang='lat'><strong>140</strong></span> 
     </span>
     <span class='ocr_line' id='line_1_31' title="bbox 121 2115 1304 2170; baseline 0.002 -14"><span class='ocrx_word' id='word_1_199' title='bbox 121 2117 286 2169; x_wconf 88' lang='lat' dir='ltr'><strong>Corpus</strong></span> <span class='ocrx_word' id='word_1_200' title='bbox 307 2123 348 2156; x_wconf 92' lang='lat' dir='ltr'><strong>et</strong></span> <span class='ocrx_word' id='word_1_201' title='bbox 369 2116 512 2168; x_wconf 85' lang='lat' dir='ltr'><strong>ipsum</strong></span> <span class='ocrx_word' id='word_1_202' title='bbox 531 2116 729 2156; x_wconf 88' lang='lat' dir='ltr'><strong>animum</strong></span> <span class='ocrx_word' id='word_1_203' title='bbox 748 2129 821 2169; x_wconf 91' lang='lat' dir='ltr'><strong>spe</strong></span> <span class='ocrx_word' id='word_1_204' title='bbox 843 2116 942 2156; x_wconf 88' lang='lat' dir='ltr'><strong>finis</strong></span> <span class='ocrx_word' id='word_1_205' title='bbox 962 2115 1070 2156; x_wconf 89' lang='lat' dir='ltr'><strong>dura</strong></span> <span class='ocrx_word' id='word_1_206' title='bbox 1089 2115 1304 2170; x_wconf 84' lang='lat' dir='ltr'><strong>ferentem,</strong></span> 
     </span>
    </p>

    <p class='ocr_par' dir='ltr' id='par_1_23' title="bbox 122 2181 1135 2235">
     <span class='ocr_line' id='line_1_32' title="bbox 122 2181 1135 2235; baseline -0.002 -11"><span class='ocrx_word' id='word_1_207' title='bbox 122 2183 238 2224; x_wconf 89' lang='lat' dir='ltr'><strong>Cum</strong></span> <span class='ocrx_word' id='word_1_208' title='bbox 257 2182 381 2221; x_wconf 90' lang='lat' dir='ltr'><strong>sociis</strong></span> <span class='ocrx_word' id='word_1_209' title='bbox 401 2194 590 2235; x_wconf 89' lang='lat' dir='ltr'><strong>operum,</strong></span> <span class='ocrx_word' id='word_1_210' title='bbox 612 2182 753 2235; x_wconf 91' lang='lat' dir='ltr'><strong>pueris</strong></span> <span class='ocrx_word' id='word_1_211' title='bbox 773 2188 814 2222; x_wconf 90' lang='lat' dir='ltr'><strong>et</strong></span> <span class='ocrx_word' id='word_1_212' title='bbox 834 2183 1013 2235; x_wconf 89' lang='lat' dir='ltr'><strong>conjuge</strong></span> <span class='ocrx_word' id='word_1_213' title='bbox 1035 2181 1135 2234; x_wconf 85' lang='lat' dir='ltr'><strong>fida,</strong></span> 
     </span>
    </p>

    <p class='ocr_par' dir='ltr' id='par_1_24' title="bbox 122 2247 1089 2300">
     <span class='ocr_line' id='line_1_33' title="bbox 122 2247 1089 2300; baseline 0 -12"><span class='ocrx_word' id='word_1_214' title='bbox 122 2247 345 2288; x_wconf 90' lang='lat' dir='ltr'><strong>Tellurem</strong></span> <span class='ocrx_word' id='word_1_215' title='bbox 364 2260 500 2300; x_wconf 80' lang='lat' dir='ltr'><strong>porc0‚</strong></span> <span class='ocrx_word' id='word_1_216' title='bbox 522 2247 753 2288; x_wconf 87' lang='lat' dir='ltr'><strong>Silvanum</strong></span> <span class='ocrx_word' id='word_1_217' title='bbox 772 2247 882 2287; x_wconf 89' lang='lat' dir='ltr'><strong>lacte</strong></span> <span class='ocrx_word' id='word_1_218' title='bbox 902 2247 1089 2299; x_wconf 87' lang='lat' dir='ltr'><strong>piabant,</strong></span> 
     </span>
    </p>

    <p class='ocr_par' dir='ltr' id='par_1_25' title="bbox 122 2312 1471 2431">
     <span class='ocr_line' id='line_1_34' title="bbox 122 2312 1263 2364; baseline 0.001 -12"><span class='ocrx_word' id='word_1_219' title='bbox 122 2313 319 2353; x_wconf 90' lang='lat' dir='ltr'><strong>Floribus</strong></span> <span class='ocrx_word' id='word_1_220' title='bbox 339 2319 381 2352; x_wconf 90' lang='lat' dir='ltr'><strong>et</strong></span> <span class='ocrx_word' id='word_1_221' title='bbox 401 2313 502 2352; x_wconf 92' lang='lat' dir='ltr'><strong>vino</strong></span> <span class='ocrx_word' id='word_1_222' title='bbox 523 2313 722 2364; x_wconf 91' lang='lat' dir='ltr'><strong>Genium,</strong></span> <span class='ocrx_word' id='word_1_223' title='bbox 744 2325 976 2352; x_wconf 88' lang='lat' dir='ltr'><strong>memorem</strong></span> <span class='ocrx_word' id='word_1_224' title='bbox 995 2313 1134 2352; x_wconf 92' lang='lat' dir='ltr'><strong>brevis</strong></span> <span class='ocrx_word' id='word_1_225' title='bbox 1154 2312 1263 2353; x_wconf 80' lang='lat' dir='ltr'><strong>aevi.</strong></span> 
     </span>
     <span class='ocr_line' id='line_1_35' title="bbox 122 2377 1471 2431; baseline 0.001 -12"><span class='ocrx_word' id='word_1_226' title='bbox 122 2378 394 2420; x_wconf 86' lang='lat' dir='ltr'><strong>Fescennina</strong></span> <span class='ocrx_word' id='word_1_227' title='bbox 412 2390 486 2431; x_wconf 91' lang='lat' dir='ltr'><strong>per</strong></span> <span class='ocrx_word' id='word_1_228' title='bbox 505 2378 622 2419; x_wconf 89' lang='lat' dir='ltr'><strong>hunc</strong></span> <span class='ocrx_word' id='word_1_229' title='bbox 642 2379 818 2419; x_wconf 88' lang='lat' dir='ltr'><strong>inventa</strong></span> <span class='ocrx_word' id='word_1_230' title='bbox 838 2377 1010 2418; x_wconf 88' lang='lat' dir='ltr'><strong>licentia</strong></span> <span class='ocrx_word' id='word_1_231' title='bbox 1030 2390 1202 2430; x_wconf 87' lang='lat' dir='ltr'><strong>morem,</strong></span> <span class='ocrx_word' id='word_1_232' title='bbox 1389 2377 1471 2420; x_wconf 76' lang='lat'><strong>145</strong></span> 
     </span>
    </p>
   </div>
  </div>
 </body>
</html>
