1650 2730
559 210 911 246 mmo-11.

284 316 475 359 Imbellis
493 329 545 358 ac
565 316 716 357 firmus
734 313 918 368 parum?
1031 348 1034 351 Δ

229 383 385 424 Comes
403 381 565 422 minore
585 393 684 421 sum
703 380 874 420 futurus
893 379 939 419 in
958 384 1089 430 metu,

285 448 378 493 Qui
399 449 531 501 major
549 447 746 486 absentes
765 445 920 495 habet;

230 513 301 564 Ut,
321 512 514 552 assidens
533 511 813 564 implumibus
832 510 973 563 pullis,
993 509 1088 549 avis

284 576 553 629 Serpentium
572 575 763 628 allapsus
786 575 905 614 timet

230 641 372 694 Magis
390 640 556 690 relictis,
577 653 675 690 non,
697 646 745 679 ut
764 639 886 690 adsit,
908 637 1047 679 auxsst

285 705 447 746 Latura
466 705 564 758 plus
583 704 887 758 praesentibus.

229 769 430 812 Libenter
447 770 530 810 hoc
549 777 590 810 et
610 781 736 809 omne
757 767 1008 808 militabitur

284 835 455 876 Bellum
474 836 519 875 in
538 841 638 875 tuae
658 846 778 886 spem
797 833 968 886 gratiae,

230 899 330 942 Non
350 906 398 940 ut
411 900 609 954 juvencis
629 899 793 951 illigata
811 898 1005 951 pluribus

286 965 439 1005 Antra
457 965 650 1005 nitantur
667 976 776 1014 mea,

231 1027 424 1068 Pecusve
444 1028 636 1068 Calabris
656 1034 754 1068 ante
775 1026 896 1067 sidus
914 1025 1129 1067 fervidum

286 1092 467 1133 Lucana
486 1099 622 1132 mutet
641 1092 825 1144 pascuiS,

232 1157 384 1209 Neque
403 1163 452 1196 ut
472 1156 642 1208 superni
661 1155 766 1195 villa
784 1153 973 1195 candens
992 1152 1179 1193 Tusculi

291 1221 469 1261 circaea
487 1226 637 1272 tangat
655 1219 836 1259 moenia.

233 1286 348 1328 Satis
368 1298 578 1338 superque
597 1297 666 1324 me
686 1283 926 1336 benignitas
946 1289 1023 1322 tua

289 1349 480 1390 Ditavit:
511 1348 630 1389 haud
650 1360 864 1401 parentem,

237 1415 369 1461 Quod
389 1420 466 1454 aut
483 1426 651 1464 avarus,
668 1419 717 1453 ut
736 1413 952 1462 Chremes,
967 1417 1077 1451 terra
1095 1422 1299 1464 premam,

289 1479 535 1520 Discinetus
555 1485 631 1519 aut
650 1477 824 1531 perdam
843 1488 986 1529 nepos.

660 1673 815 1682 ...-

575 1821 814 1862 GARMEN
854 1819 912 1860 11.

237 1969 396 2010 Beatus
415 1968 497 2019 ille,
518 1968 593 2020 qui
611 1966 757 2020 procul
777 1965 967 2019 negotii&

293 2032 354 2073 Ut
370 2033 508 2085 prisea
528 2045 632 2085 gens
651 2030 906 2081 mortalium,

240 2098 423 2139 Paterna
439 2111 538 2138 rura
556 2097 692 2137 bobus
712 2101 880 2136 exercet
900 2093 1001 2146 suis,

298 2161 474 2202 Solutus
493 2161 608 2202 omni
628 2159 807 2209 foenore,

244 2225 395 2276 Neque
412 2225 622 2265 excitatur
640 2224 818 2264 classico
836 2222 959 2263 miles
978 2221 1098 2273 truci,

300 2288 450 2340 Neque
467 2287 607 2328 horret
625 2289 782 2329 iratum
799 2300 927 2338 mare,

304 2416 358 2448 21.
380 2425 447 2447 non
459 2417 507 2447 uti
520 2417 574 2448 ait.
701 2415 756 2448 26.
778 2417 870 2449 meis.
999 2414 1053 2446 28.
1075 2422 1202 2453 mama.

252 2469 307 2503 29.
330 2468 422 2506 Nec3
442 2467 709 2509 nunidem.
859 2467 914 2500 34.
936 2465 1119 2506 perdmut
1133 2475 1244 2505 nepos.

1312 199 1406 246 141
