1612 2716
582 202 793 239 ment
846 154 1025 240 'nm
1376 199 1472 247 261

127 306 367 361 Adspersus
386 307 500 347 volet
518 307 563 348 in
582 320 780 361 caupona
800 309 968 361 vivere3
1000 322 1091 362 nec,
1111 313 1187 364 qui

127 371 282 426 Frigus
302 372 480 426 collegit,
502 372 648 413 furnos
669 381 709 413 et
729 374 882 414 balnea
902 374 1062 426 laudat,

126 437 186 478 Ut
205 437 463 478 fortunatam
483 438 606 491 plene
627 440 882 491 praestantia
903 441 1049 481 vitam.

125 502 227 554 Nec,
250 503 285 542 si
306 509 346 543 te
366 502 535 543 validus
549 505 771 557 jactaverit
792 505 948 546 Auster
967 506 1011 546 in
1031 506 1129 558 alto,
1419 510 1471 550 15

125 566 286 607 Idcirco
306 580 464 608 navem
484 576 600 608 trans
619 569 814 622 Aegeum
833 582 950 610 mare
970 570 1146 611 vendas.

125 631 334 672 Incolumi
355 631 530 682 Rhodos
549 639 591 674 et
610 633 818 686 Mitylene
839 635 1018 687 pulchra
1038 634 1151 687 facit,
1173 636 1290 689 quod

125 696 316 737 Paenula
337 697 523 749 solstitio,
544 706 779 751 campestre
800 699 1015 740 nivalibus
1035 701 1163 752 auris,

123 761 205 802 Per
223 761 420 803 brumam
443 762 618 814 Tiberis,
639 764 792 805 Sextili
812 777 959 806 mense
979 766 1188 807 caminus.

125 825 244 868 Dum
263 826 370 879 licet,
392 841 444 869 ac
463 829 635 869 vultum
655 837 796 870 servat
815 831 1007 872 Fortuna
1027 831 1273 884 benignum,
1413 832 1471 873 20

124 890 285 931 Romae
306 891 503 934 laudetur
522 894 674 934 Samos
693 901 735 934 et
755 895 885 935 Chios
905 903 947 936 et
965 896 1140 936 Rhodos
1161 897 1328 937 absens.

125 955 211 1006 Tu,
232 969 535 1010 quamcunque
555 958 662 999 deus
682 959 757 1000 tibi
777 959 1054 1001 fortunaverit
1073 961 1234 1012 horam,

124 1020 256 1060 Grata
276 1033 396 1062 sume
416 1035 561 1074 manu,
583 1036 668 1064 neu
688 1023 832 1065 dulcia
852 1024 974 1066 differ
993 1026 1038 1066 in
1058 1038 1249 1079 annum3

125 1085 194 1134 Ut,
215 1098 472 1138 quocunque
492 1087 583 1127 loco
603 1087 743 1139 fueris,
765 1090 923 1129 vixisse
945 1090 1123 1130 libenter

125 1150 193 1190 Te
213 1150 356 1191 dicas:
387 1164 488 1191 nam
510 1152 545 1191 si
565 1153 671 1192 ratio
690 1160 732 1192 et
750 1153 975 1205 prudentia
993 1167 1130 1205 curas,
1410 1155 1467 1196 25

125 1214 223 1255 Non
243 1215 372 1266 locus,
394 1216 518 1256 effusi
538 1216 621 1256 late
640 1218 770 1257 maris
790 1217 953 1269 arbiter,
974 1218 1134 1260 aufert:

124 1279 315 1331 Coelum‚
336 1293 422 1320 non
442 1282 649 1332 animum,
670 1289 850 1333 mutant,
871 1283 946 1334 qui
967 1290 1083 1323 trans
1103 1296 1220 1324 mare
1238 1290 1427 1325 currunt.

124 1344 307 1385 Strenua
327 1358 405 1385 nos
425 1353 592 1386 exercet
613 1347 784 1388 inertia:
816 1349 1000 1388 navibus
1022 1355 1150 1400 atque

123 1409 357 1463 Quadrigis
377 1412 561 1463 petimus
581 1412 687 1452 bene
708 1413 862 1452 vivere.
921 1413 1053 1458 Quod
1074 1414 1192 1465 petis,
1214 1413 1285 1453 hic
1304 1420 1380 1465 est,

123 1474 204 1516 Est
220 1475 404 1527 Ulubris,
426 1476 597 1517 animus
618 1477 653 1516 si
674 1483 713 1517 te
734 1490 819 1518 non
840 1477 984 1518 deficit
1004 1491 1180 1531 aequus.
1412 1478 1469 1520 ‘30

717 1674 873 1681 0—-

587 1831 870 1872 EPISTOLA
905 1831 1006 1872 XII.

629 1961 699 1988 AD
738 1961 960 1988 ICCIUM.

184 2074 411 2114 Fructibus
430 2075 640 2129 Agrippae
659 2076 827 2127 Siculis,
849 2089 956 2129 quos
977 2075 1151 2128 colligis,
1173 2074 1270 2124 Icci,

129 2138 177 2179 Si
196 2144 305 2178 recte
324 2137 483 2190 frueris,
503 2152 589 2180 non
609 2147 683 2191 est,
704 2147 753 2182 ut
771 2142 893 2193 copia
912 2141 1044 2193 major

130 2202 198 2242 Ab
219 2201 323 2242 Jove
343 2201 490 2241 donari
509 2204 639 2254 possit
658 2205 745 2244 tibi.
804 2204 929 2244 Tolle
949 2200 1166 2253 querelas:

132 2265 299 2316 Pauper
317 2265 432 2304 enim
450 2277 537 2304 non
555 2272 630 2315 est,
650 2266 721 2305 cui
739 2279 879 2306 rerum
898 2264 1083 2316 suppetit
1101 2275 1217 2302 usus.

133 2329 180 2369 Si
199 2329 335 2368 ventri
354 2329 471 2378 bene,
492 2328 528 2368 si
547 2328 665 2367 lateri
683 2334 748 2368 est
765 2328 1027 2380 pedibusque
1047 2324 1143 2377 tuis,
1164 2325 1226 2365 nil
1437 2320 1465 2361 5

134 2392 320 2432 Divitiae
339 2397 532 2443 poterunt
549 2391 710 2443 regales
729 2391 882 2432 addere
900 2393 1051 2444 majus.

135 2455 185 2498 Si
202 2454 305 2496 forte
335 2454 381 2495 in
399 2453 538 2495 medio
555 2455 784 2507 positorum
801 2455 1046 2504 abstemius,
1066 2450 1208 2493 herbis
