1650 2730
164 175 227 222 10
697 184 963 218 <immun

161 291 293 342 Molli,
315 290 486 342 Plance,
507 301 635 340 mero,
658 301 735 329 seu
755 296 795 329 te
815 288 1025 342 fulgentia
1045 288 1178 342 signis

219 357 370 396 Castra
391 362 546 406 tenent,
569 367 647 394 seu
667 354 802 394 densa
822 354 981 394 tenebit
1470 350 1526 394 20

161 421 338 476 Tiburis
358 421 511 460 umbra
531 422 605 460 tui.
665 421 845 470 Teucer,
868 420 1091 461 Salamina
1109 424 1359 472 patremque

219 486 333 526 Cum
353 485 528 538 fugeret,
551 493 695 525 tamen
716 485 805 525 uda
825 485 972 538 Lyaeo

161 551 378 603 Tempora
399 551 581 603 populea
602 549 732 590 fertur
753 551 945 590 vinxisse
964 562 1131 602 corona,

219 616 291 656 Sic
313 616 449 655 tristes
471 615 628 655 affatus
649 616 833 655 amicos:

162 680 266 725 Quo
286 693 364 720 nos
384 693 556 732 cunque
577 680 681 720 feret
701 680 848 720 melior
868 681 1062 720 Fortuna
1080 686 1266 734 parente,
1472 687 1528 729 25

219 745 394 796 Ibimus,
416 758 442 785 o
462 745 564 785 socii
584 746 845 798 comitesque
862 745 871 785 ἔ

163 809 236 850 Nil
256 809 572 863 desperandum
593 810 765 850 Teucro
786 810 895 850 duce
916 816 958 850 et
977 810 1152 863 auspice
1172 810 1368 865 Teucro3

219 875 372 915 Certus
392 876 508 915 enim
528 875 718 928 promisit
738 875 902 928 Apollo,

162 941 426 993 Ambiguam
446 940 594 980 tellure
615 953 730 980 nova
750 941 974 981 Salamina
993 939 1196 981 futuram.

220 1005 258 1046 O
280 1005 405 1045 fortes
425 1007 652 1059 pejoraque
673 1006 788 1058 passi
1473 1002 1530 1043 30

163 1070 340 1111 Mecum
361 1084 485 1123 saepe
510 1071 597 1122 viri,
619 1083 737 1111 nunc
758 1071 859 1113 vino
879 1070 1022 1123 pellite
1042 1084 1168 1112 curas
1186 1084 1196 1124 ;

220 1136 326 1176 Cras
346 1136 498 1188 ingens
518 1136 768 1177 iterabimus
789 1149 960 1189 aequor.

643 1520 883 1559 GARMEN
913 1519 1037 1559 VIII.

615 1651 698 1678 AD
749 1650 1063 1678 LYDIAM.

216 1766 358 1819 Lydia
378 1765 459 1817 dic,
481 1779 555 1819 per
573 1779 722 1806 omnes

272 1831 341 1871 Te
361 1831 462 1871 deos
482 1844 564 1882 or0,
587 1831 773 1883 Sybarin
793 1844 870 1871 cur
888 1844 1081 1884 properes
1102 1832 1289 1873 amando

217 1895 421 1948 Perdere3
453 1908 530 1936 cur
549 1896 744 1948 apricum

273 1961 421 2002 Oderit
441 1974 656 2014 campum,
679 1961 844 2014 patiens
864 1961 1052 2014 pulveris
1072 1968 1202 2014 atque
1223 1962 1322 2003 solis
1334 1963 1355 2003 2

217 2028 307 2069 Cur
326 2040 465 2080 neque
486 2027 680 2067 militaris
1498 2026 1526 2067 5

272 2096 387 2136 Inter
407 2093 610 2146 aequales
630 2093 803 2145 equitat,
826 2091 994 2132 Gallica
1013 2104 1092 2132 nec
1113 2091 1272 2144 lupatis

217 2160 451 2212 Temperat
470 2171 542 2198 ora
562 2157 723 2198 frenis?

273 2225 362 2265 Cur
381 2224 500 2264 timet
521 2222 688 2263 flavum
708 2222 903 2263 Tiberim
922 2227 1094 2275 tangere
1106 2221 1126 2262 ’.ῐ
1155 2234 1232 2262 cur
1250 2222 1417 2263 olivum

217 2289 439 2343 Sanguine
459 2288 649 2341 viperino

273 2355 455 2396 Cautius
476 2353 614 2394 vitat3
644 2365 784 2406 neque
798 2353 890 2406 jam
910 2351 1044 2392 livida
1064 2357 1202 2405 gestat
1221 2351 1352 2392 armis
1474 2354 1528 2394 lo

268 2485 324 2519 27.
346 2486 473 2526 auspice
490 2484 618 2518 Teucri.
776 2482 814 2516 C.
829 2483 895 2515 viii.
911 2482 932 2515 6
946 2487 980 2514 et
996 2483 1027 2515 7.
1050 2480 1398 2522 equitet—Temperet.
