<?xml version="1.0" encoding="UTF-8"?>
<!DOCTYPE html PUBLIC "-//W3C//DTD XHTML 1.0 Transitional//EN"
    "http://www.w3.org/TR/xhtml1/DTD/xhtml1-transitional.dtd">
<html xmlns="http://www.w3.org/1999/xhtml" xml:lang="en" lang="en">
 <head>
  <title>
</title>
<meta http-equiv="Content-Type" content="text/html;charset=utf-8" />
  <meta name='ocr-system' content='tesseract 3.04.00' />
  <meta name='ocr-capabilities' content='ocr_page ocr_carea ocr_par ocr_line ocrx_word'/>
</head>
<body>
  <div class='ocr_page' id='page_1' title='image "./workswithenglis00horauoft_0334.png"; bbox 0 0 1612 2716; ppageno 0'>
   <div class='ocr_carea' id='block_1_1' title="bbox 145 172 993 219">
    <p class='ocr_par' dir='ltr' id='par_1_1' title="bbox 145 172 993 219">
     <span class='ocr_line' id='line_1_1' title="bbox 145 172 993 219; baseline -0.006 -1"><span class='ocrx_word' id='word_1_1' title='bbox 145 172 244 219; x_wconf 75' lang='lat'>290</span> <span class='ocrx_word' id='word_1_2' title='bbox 653 181 993 215; x_wconf 66' lang='lat' dir='ltr'>nprsromtm</span> 
     </span>
    </p>
   </div>
   <div class='ocr_carea' id='block_1_2' title="bbox 144 256 1412 362">
    <p class='ocr_par' dir='ltr' id='par_1_2' title="bbox 144 256 1412 362">
     <span class='ocr_line' id='line_1_2' title="bbox 144 256 1412 362; baseline 0 -33"><span class='ocrx_word' id='word_1_3' title='bbox 144 287 456 340; x_wconf 84' lang='lat' dir='ltr'>Caelatumque</span> <span class='ocrx_word' id='word_1_4' title='bbox 475 298 632 326; x_wconf 86' lang='lat' dir='ltr'>novem</span> <span class='ocrx_word' id='word_1_5' title='bbox 652 256 791 326; x_wconf 87' lang='lat' dir='ltr'>Musis</span> <span class='ocrx_word' id='word_1_6' title='bbox 810 286 944 339; x_wconf 91' lang='lat' dir='ltr'>opus!</span> <span class='ocrx_word' id='word_1_7' title='bbox 1005 286 1193 341; x_wconf 86' lang='lat' dir='ltr'><strong>Adspice</strong></span> <span class='ocrx_word' id='word_1_8' title='bbox 1212 287 1412 362; x_wconf 83' lang='lat' dir='ltr'>primum,</span> 
     </span>
    </p>
   </div>
   <div class='ocr_carea' id='block_1_3' title="bbox 145 351 1322 796">
    <p class='ocr_par' dir='ltr' id='par_1_3' title="bbox 145 351 1213 471">
     <span class='ocr_line' id='line_1_3' title="bbox 145 351 1213 404; baseline 0.001 -11"><span class='ocrx_word' id='word_1_9' title='bbox 145 355 324 398; x_wconf 78' lang='lat' dir='ltr'>Quanto</span> <span class='ocrx_word' id='word_1_10' title='bbox 343 365 446 393; x_wconf 92' lang='lat' dir='ltr'>cum</span> <span class='ocrx_word' id='word_1_11' title='bbox 465 351 591 403; x_wconf 79' lang='lat' dir='ltr'>fastu,</span> <span class='ocrx_word' id='word_1_12' title='bbox 613 358 775 404; x_wconf 86' lang='lat' dir='ltr'>quanto</span> <span class='ocrx_word' id='word_1_13' title='bbox 794 352 1014 392; x_wconf 88' lang='lat' dir='ltr'>molimine</span> <span class='ocrx_word' id='word_1_14' title='bbox 1034 354 1213 394; x_wconf 89' lang='lat' dir='ltr'>circum-</span> 
     </span>
     <span class='ocr_line' id='line_1_4' title="bbox 145 417 1219 471; baseline -0.001 -12"><span class='ocrx_word' id='word_1_15' title='bbox 145 419 395 471; x_wconf 88' lang='lat' dir='ltr'>Spectemus</span> <span class='ocrx_word' id='word_1_16' title='bbox 415 430 601 457; x_wconf 87' lang='lat' dir='ltr'>vacuam</span> <span class='ocrx_word' id='word_1_17' title='bbox 620 417 827 457; x_wconf 70' lang='lat' dir='ltr'>Romanis</span> <span class='ocrx_word' id='word_1_18' title='bbox 849 418 1021 458; x_wconf 86' lang='lat' dir='ltr'>vatibus</span> <span class='ocrx_word' id='word_1_19' title='bbox 1041 417 1219 471; x_wconf 84' lang='lat' dir='ltr'>aedem;</span> 
     </span>
    </p>

    <p class='ocr_par' dir='ltr' id='par_1_4' title="bbox 145 482 1322 730">
     <span class='ocr_line' id='line_1_5' title="bbox 146 482 1315 536; baseline -0.001 -12"><span class='ocrx_word' id='word_1_20' title='bbox 146 484 251 524; x_wconf 87' lang='lat' dir='ltr'>Mox</span> <span class='ocrx_word' id='word_1_21' title='bbox 271 483 411 534; x_wconf 87' lang='lat' dir='ltr'>etiam,</span> <span class='ocrx_word' id='word_1_22' title='bbox 433 483 469 522; x_wconf 94' lang='lat' dir='ltr'>si</span> <span class='ocrx_word' id='word_1_23' title='bbox 489 482 592 522; x_wconf 87' lang='lat' dir='ltr'>forte</span> <span class='ocrx_word' id='word_1_24' title='bbox 613 495 755 533; x_wconf 83' lang='lat' dir='ltr'>vacas,</span> <span class='ocrx_word' id='word_1_25' title='bbox 778 495 952 534; x_wconf 84' lang='lat' dir='ltr'><strong>sequere</strong></span> <span class='ocrx_word' id='word_1_26' title='bbox 973 490 1015 523; x_wconf 91' lang='lat' dir='ltr'>et</span> <span class='ocrx_word' id='word_1_27' title='bbox 1034 484 1180 536; x_wconf 91' lang='lat' dir='ltr'>procul</span> <span class='ocrx_word' id='word_1_28' title='bbox 1200 483 1315 535; x_wconf 76' lang='lat' dir='ltr'>audi,</span> 
     </span>
     <span class='ocr_line' id='line_1_6' title="bbox 147 547 1299 600; baseline 0.001 -12"><span class='ocrx_word' id='word_1_29' title='bbox 147 547 270 593; x_wconf 77' lang='lat' dir='ltr'>Quid</span> <span class='ocrx_word' id='word_1_30' title='bbox 290 548 395 588; x_wconf 85' lang='lat' dir='ltr'>ferat</span> <span class='ocrx_word' id='word_1_31' title='bbox 413 554 455 587; x_wconf 89' lang='lat' dir='ltr'>et</span> <span class='ocrx_word' id='word_1_32' title='bbox 475 561 606 600; x_wconf 89' lang='lat' dir='ltr'>quare</span> <span class='ocrx_word' id='word_1_33' title='bbox 627 548 706 587; x_wconf 91' lang='lat' dir='ltr'>sibi</span> <span class='ocrx_word' id='word_1_34' title='bbox 727 554 869 587; x_wconf 90' lang='lat' dir='ltr'>nectat</span> <span class='ocrx_word' id='word_1_35' title='bbox 890 555 1067 600; x_wconf 87' lang='lat' dir='ltr'>uterque</span> <span class='ocrx_word' id='word_1_36' title='bbox 1087 562 1299 589; x_wconf 85' lang='lat' dir='ltr'>coronam.</span> 
     </span>
     <span class='ocr_line' id='line_1_7' title="bbox 147 613 1322 666; baseline 0.001 -12"><span class='ocrx_word' id='word_1_37' title='bbox 147 613 388 664; x_wconf 84' lang='lat' dir='ltr'>Caedimur,</span> <span class='ocrx_word' id='word_1_38' title='bbox 409 620 451 652; x_wconf 91' lang='lat' dir='ltr'>et</span> <span class='ocrx_word' id='word_1_39' title='bbox 471 613 646 653; x_wconf 90' lang='lat' dir='ltr'>totidem</span> <span class='ocrx_word' id='word_1_40' title='bbox 665 613 804 665; x_wconf 87' lang='lat' dir='ltr'>plagis</span> <span class='ocrx_word' id='word_1_41' title='bbox 823 614 1121 654; x_wconf 86' lang='lat' dir='ltr'>consumimus</span> <span class='ocrx_word' id='word_1_42' title='bbox 1142 615 1322 666; x_wconf 82' lang='lat' dir='ltr'>hostem,</span> 
     </span>
     <span class='ocr_line' id='line_1_8' title="bbox 145 678 1112 730; baseline 0 -12"><span class='ocrx_word' id='word_1_43' title='bbox 145 678 283 719; x_wconf 90' lang='lat' dir='ltr'>Lento</span> <span class='ocrx_word' id='word_1_44' title='bbox 302 678 517 719; x_wconf 85' lang='lat' dir='ltr'>Samnites</span> <span class='ocrx_word' id='word_1_45' title='bbox 537 678 593 717; x_wconf 91' lang='lat' dir='ltr'>ad</span> <span class='ocrx_word' id='word_1_46' title='bbox 614 678 779 718; x_wconf 90' lang='lat' dir='ltr'>lumina</span> <span class='ocrx_word' id='word_1_47' title='bbox 799 679 936 730; x_wconf 82' lang='lat' dir='ltr'>prima</span> <span class='ocrx_word' id='word_1_48' title='bbox 956 678 1112 718; x_wconf 87' lang='lat' dir='ltr'>duello.</span> 
     </span>
    </p>

    <p class='ocr_par' dir='ltr' id='par_1_5' title="bbox 147 742 1246 796">
     <span class='ocr_line' id='line_1_9' title="bbox 147 742 1246 796; baseline 0.002 -14"><span class='ocrx_word' id='word_1_49' title='bbox 147 742 333 783; x_wconf 82' lang='lat' dir='ltr'>Discedo</span> <span class='ocrx_word' id='word_1_50' title='bbox 352 743 539 783; x_wconf 83' lang='lat' dir='ltr'>Alcaeus</span> <span class='ocrx_word' id='word_1_51' title='bbox 559 749 718 795; x_wconf 90' lang='lat' dir='ltr'>puncto</span> <span class='ocrx_word' id='word_1_52' title='bbox 736 742 853 782; x_wconf 91' lang='lat' dir='ltr'>illius</span> <span class='ocrx_word' id='word_1_53' title='bbox 869 756 878 794; x_wconf 90' lang='grc'>;</span> <span class='ocrx_word' id='word_1_54' title='bbox 910 742 981 782; x_wconf 92' lang='lat' dir='ltr'>ille</span> <span class='ocrx_word' id='word_1_55' title='bbox 1001 755 1097 783; x_wconf 91' lang='lat' dir='ltr'>meo</span> <span class='ocrx_word' id='word_1_56' title='bbox 1116 744 1246 796; x_wconf 65' lang='lat' dir='ltr'>quis?</span> 
     </span>
    </p>
   </div>
   <div class='ocr_carea' id='block_1_4' title="bbox 1438 483 1493 524">
    <p class='ocr_par' dir='ltr' id='par_1_6' title="bbox 1438 483 1493 524">
     <span class='ocr_line' id='line_1_10' title="bbox 1438 483 1493 524; baseline 0 0"><span class='ocrx_word' id='word_1_57' title='bbox 1438 483 1493 524; x_wconf 83' lang='lat'>95</span> 
     </span>
    </p>
   </div>
   <div class='ocr_carea' id='block_1_5' title="bbox 147 807 1499 861">
    <p class='ocr_par' dir='ltr' id='par_1_7' title="bbox 147 807 1499 861">
     <span class='ocr_line' id='line_1_11' title="bbox 147 807 1499 861; baseline 0.002 -13"><span class='ocrx_word' id='word_1_58' title='bbox 147 809 274 859; x_wconf 80' lang='lat' dir='ltr'>Quis,</span> <span class='ocrx_word' id='word_1_59' title='bbox 295 808 378 848; x_wconf 91' lang='lat' dir='ltr'>nisi</span> <span class='ocrx_word' id='word_1_60' title='bbox 399 807 726 850; x_wconf 69' lang='lat' dir='ltr'>Callimachus?</span> <span class='ocrx_word' id='word_1_61' title='bbox 784 808 831 848; x_wconf 84' lang='lat' dir='ltr'>Si</span> <span class='ocrx_word' id='word_1_62' title='bbox 851 807 950 860; x_wconf 91' lang='lat' dir='ltr'>plus</span> <span class='ocrx_word' id='word_1_63' title='bbox 969 807 1197 861; x_wconf 85' lang='lat' dir='ltr'>adposcere</span> <span class='ocrx_word' id='word_1_64' title='bbox 1216 809 1349 861; x_wconf 83' lang='lat' dir='ltr'>visus,</span> <span class='ocrx_word' id='word_1_65' title='bbox 1418 810 1499 850; x_wconf 87' lang='grc'>100</span> 
     </span>
    </p>
   </div>
   <div class='ocr_carea' id='block_1_6' title="bbox 146 873 1334 1581">
    <p class='ocr_par' dir='ltr' id='par_1_8' title="bbox 146 873 1256 1122">
     <span class='ocr_line' id='line_1_12' title="bbox 149 873 1218 926; baseline 0 -11"><span class='ocrx_word' id='word_1_66' title='bbox 149 874 222 915; x_wconf 87' lang='lat' dir='ltr'>Fit</span> <span class='ocrx_word' id='word_1_67' title='bbox 242 874 538 924; x_wconf 84' lang='lat' dir='ltr'>Mimnermus,</span> <span class='ocrx_word' id='word_1_68' title='bbox 559 879 602 913; x_wconf 88' lang='lat' dir='ltr'>et</span> <span class='ocrx_word' id='word_1_69' title='bbox 621 873 764 926; x_wconf 87' lang='lat' dir='ltr'>optivo</span> <span class='ocrx_word' id='word_1_70' title='bbox 783 873 1037 926; x_wconf 86' lang='lat' dir='ltr'>cognomine</span> <span class='ocrx_word' id='word_1_71' title='bbox 1056 874 1218 915; x_wconf 89' lang='lat' dir='ltr'>crescit.</span> 
     </span>
     <span class='ocr_line' id='line_1_13' title="bbox 147 938 1226 991; baseline -0.001 -11"><span class='ocrx_word' id='word_1_72' title='bbox 147 938 289 980; x_wconf 86' lang='lat' dir='ltr'>Multa</span> <span class='ocrx_word' id='word_1_73' title='bbox 309 938 407 990; x_wconf 87' lang='lat' dir='ltr'>fero,</span> <span class='ocrx_word' id='word_1_74' title='bbox 428 945 476 978; x_wconf 91' lang='lat' dir='ltr'>ut</span> <span class='ocrx_word' id='word_1_75' title='bbox 495 938 663 991; x_wconf 85' lang='lat' dir='ltr'>placem</span> <span class='ocrx_word' id='word_1_76' title='bbox 684 951 821 991; x_wconf 89' lang='lat' dir='ltr'>genus</span> <span class='ocrx_word' id='word_1_77' title='bbox 841 938 1041 978; x_wconf 85' lang='lat' dir='ltr'>irritabile</span> <span class='ocrx_word' id='word_1_78' title='bbox 1061 945 1226 991; x_wconf 84' lang='lat' dir='ltr'>vatum,</span> 
     </span>
     <span class='ocr_line' id='line_1_14' title="bbox 147 1003 1256 1059; baseline 0.003 -15"><span class='ocrx_word' id='word_1_79' title='bbox 147 1004 262 1045; x_wconf 91' lang='lat' dir='ltr'>Cum</span> <span class='ocrx_word' id='word_1_80' title='bbox 283 1004 430 1054; x_wconf 84' lang='lat' dir='ltr'>scribo,</span> <span class='ocrx_word' id='word_1_81' title='bbox 451 1010 493 1043; x_wconf 88' lang='lat' dir='ltr'>et</span> <span class='ocrx_word' id='word_1_82' title='bbox 514 1003 696 1056; x_wconf 85' lang='lat' dir='ltr'>supplex</span> <span class='ocrx_word' id='word_1_83' title='bbox 717 1003 862 1056; x_wconf 92' lang='lat' dir='ltr'>populi</span> <span class='ocrx_word' id='word_1_84' title='bbox 883 1003 1088 1058; x_wconf 82' lang='lat' dir='ltr'>suffragia</span> <span class='ocrx_word' id='word_1_85' title='bbox 1106 1011 1256 1059; x_wconf 88' lang='lat' dir='ltr'>capto;</span> 
     </span>
     <span class='ocr_line' id='line_1_15' title="bbox 146 1069 1029 1122; baseline 0 -12"><span class='ocrx_word' id='word_1_86' title='bbox 146 1069 279 1121; x_wconf 86' lang='lat' dir='ltr'>Idem,</span> <span class='ocrx_word' id='word_1_87' title='bbox 301 1069 433 1109; x_wconf 88' lang='lat' dir='ltr'>finitis</span> <span class='ocrx_word' id='word_1_88' title='bbox 454 1069 606 1109; x_wconf 79' lang='lat' dir='ltr'>studiis</span> <span class='ocrx_word' id='word_1_89' title='bbox 625 1075 669 1110; x_wconf 91' lang='lat' dir='ltr'>et</span> <span class='ocrx_word' id='word_1_90' title='bbox 687 1076 830 1109; x_wconf 89' lang='lat' dir='ltr'>mente</span> <span class='ocrx_word' id='word_1_91' title='bbox 850 1076 1029 1122; x_wconf 85' lang='lat' dir='ltr'>recepta,</span> 
     </span>
    </p>

    <p class='ocr_par' dir='ltr' id='par_1_9' title="bbox 147 1134 1302 1320">
     <span class='ocr_line' id='line_1_16' title="bbox 149 1134 1161 1187; baseline 0 -11"><span class='ocrx_word' id='word_1_92' title='bbox 149 1135 357 1176; x_wconf 86' lang='lat' dir='ltr'>Obturem</span> <span class='ocrx_word' id='word_1_93' title='bbox 376 1134 546 1187; x_wconf 88' lang='lat' dir='ltr'>patulas</span> <span class='ocrx_word' id='word_1_94' title='bbox 566 1135 742 1187; x_wconf 91' lang='lat' dir='ltr'>impune</span> <span class='ocrx_word' id='word_1_95' title='bbox 763 1134 1004 1187; x_wconf 87' lang='lat' dir='ltr'>legentibus</span> <span class='ocrx_word' id='word_1_96' title='bbox 1023 1147 1161 1176; x_wconf 84' lang='lat' dir='ltr'>aures.</span> 
     </span>
     <span class='ocr_line' id='line_1_17' title="bbox 147 1200 1302 1254; baseline 0.003 -14"><span class='ocrx_word' id='word_1_97' title='bbox 147 1200 367 1251; x_wconf 86' lang='lat' dir='ltr'>Ridentur,</span> <span class='ocrx_word' id='word_1_98' title='bbox 390 1200 506 1240; x_wconf 87' lang='lat' dir='ltr'>mala</span> <span class='ocrx_word' id='word_1_99' title='bbox 526 1200 601 1252; x_wconf 89' lang='lat' dir='ltr'>qui</span> <span class='ocrx_word' id='word_1_100' title='bbox 620 1207 883 1253; x_wconf 84' lang='lat' dir='ltr'>componunt</span> <span class='ocrx_word' id='word_1_101' title='bbox 901 1201 1119 1254; x_wconf 81' lang='lat' dir='ltr'>carmina3</span> <span class='ocrx_word' id='word_1_102' title='bbox 1149 1213 1302 1243; x_wconf 85' lang='lat' dir='ltr'>verum</span> 
     </span>
     <span class='ocr_line' id='line_1_18' title="bbox 148 1265 1232 1320; baseline 0.003 -15"><span class='ocrx_word' id='word_1_103' title='bbox 148 1265 351 1306; x_wconf 85' lang='lat' dir='ltr'>Gaudent</span> <span class='ocrx_word' id='word_1_104' title='bbox 371 1267 612 1318; x_wconf 87' lang='lat' dir='ltr'>scribentes,</span> <span class='ocrx_word' id='word_1_105' title='bbox 633 1273 675 1306; x_wconf 88' lang='lat' dir='ltr'>et</span> <span class='ocrx_word' id='word_1_106' title='bbox 695 1279 740 1306; x_wconf 91' lang='lat' dir='ltr'>se</span> <span class='ocrx_word' id='word_1_107' title='bbox 761 1273 1028 1318; x_wconf 83' lang='lat' dir='ltr'>venerantur,</span> <span class='ocrx_word' id='word_1_108' title='bbox 1049 1274 1092 1307; x_wconf 91' lang='lat' dir='ltr'>et</span> <span class='ocrx_word' id='word_1_109' title='bbox 1110 1267 1232 1320; x_wconf 87' lang='lat' dir='ltr'>ultro,</span> 
     </span>
    </p>

    <p class='ocr_par' dir='ltr' id='par_1_10' title="bbox 149 1331 1197 1385">
     <span class='ocr_line' id='line_1_19' title="bbox 149 1331 1197 1385; baseline 0.002 -13"><span class='ocrx_word' id='word_1_110' title='bbox 149 1332 196 1372; x_wconf 89' lang='lat' dir='ltr'>Si</span> <span class='ocrx_word' id='word_1_111' title='bbox 217 1339 370 1382; x_wconf 88' lang='lat' dir='ltr'>taceas,</span> <span class='ocrx_word' id='word_1_112' title='bbox 393 1331 583 1383; x_wconf 85' lang='lat' dir='ltr'>laudant,</span> <span class='ocrx_word' id='word_1_113' title='bbox 605 1331 816 1384; x_wconf 89' lang='lat' dir='ltr'>quidquid</span> <span class='ocrx_word' id='word_1_114' title='bbox 837 1332 1049 1385; x_wconf 87' lang='lat' dir='ltr'>scripsere,</span> <span class='ocrx_word' id='word_1_115' title='bbox 1071 1333 1197 1374; x_wconf 88' lang='lat' dir='ltr'>beati.</span> 
     </span>
    </p>

    <p class='ocr_par' dir='ltr' id='par_1_11' title="bbox 148 1396 1088 1451">
     <span class='ocr_line' id='line_1_20' title="bbox 148 1396 1088 1451; baseline 0.002 -15"><span class='ocrx_word' id='word_1_116' title='bbox 148 1397 217 1447; x_wconf 88' lang='lat' dir='ltr'>At,</span> <span class='ocrx_word' id='word_1_117' title='bbox 238 1397 313 1448; x_wconf 90' lang='lat' dir='ltr'>qui</span> <span class='ocrx_word' id='word_1_118' title='bbox 334 1396 573 1449; x_wconf 89' lang='lat' dir='ltr'>legitimum</span> <span class='ocrx_word' id='word_1_119' title='bbox 592 1398 736 1450; x_wconf 91' lang='lat' dir='ltr'>cupiet</span> <span class='ocrx_word' id='word_1_120' title='bbox 755 1397 905 1437; x_wconf 90' lang='lat' dir='ltr'>fecisse</span> <span class='ocrx_word' id='word_1_121' title='bbox 925 1410 1088 1451; x_wconf 89' lang='lat' dir='ltr'>poema,</span> 
     </span>
    </p>

    <p class='ocr_par' dir='ltr' id='par_1_12' title="bbox 149 1462 1334 1581">
     <span class='ocr_line' id='line_1_21' title="bbox 150 1462 1237 1516; baseline 0 -13"><span class='ocrx_word' id='word_1_122' title='bbox 150 1463 264 1503; x_wconf 90' lang='lat' dir='ltr'>Cum</span> <span class='ocrx_word' id='word_1_123' title='bbox 285 1463 440 1503; x_wconf 85' lang='lat' dir='ltr'>tabulis</span> <span class='ocrx_word' id='word_1_124' title='bbox 461 1463 656 1503; x_wconf 89' lang='lat' dir='ltr'>animum</span> <span class='ocrx_word' id='word_1_125' title='bbox 676 1463 863 1503; x_wconf 90' lang='lat' dir='ltr'>censoris</span> <span class='ocrx_word' id='word_1_126' title='bbox 881 1471 1022 1503; x_wconf 85' lang='lat' dir='ltr'>sumet</span> <span class='ocrx_word' id='word_1_127' title='bbox 1042 1462 1209 1503; x_wconf 88' lang='lat' dir='ltr'>honesti</span> <span class='ocrx_word' id='word_1_128' title='bbox 1226 1476 1237 1516; x_wconf 90' lang='lat'>;</span> 
     </span>
     <span class='ocr_line' id='line_1_22' title="bbox 149 1527 1334 1581; baseline 0.002 -15"><span class='ocrx_word' id='word_1_129' title='bbox 149 1527 348 1578; x_wconf 87' lang='lat' dir='ltr'>Audebit,</span> <span class='ocrx_word' id='word_1_130' title='bbox 369 1540 653 1579; x_wconf 86' lang='lat' dir='ltr'>quaecunque</span> <span class='ocrx_word' id='word_1_131' title='bbox 674 1540 826 1580; x_wconf 85' lang='lat' dir='ltr'>parurn</span> <span class='ocrx_word' id='word_1_132' title='bbox 847 1528 1082 1581; x_wconf 89' lang='lat' dir='ltr'>splendoris</span> <span class='ocrx_word' id='word_1_133' title='bbox 1102 1528 1334 1579; x_wconf 87' lang='lat' dir='ltr'>habebunt,</span> 
     </span>
    </p>
   </div>
   <div class='ocr_carea' id='block_1_7' title="bbox 151 1592 1341 1646">
    <p class='ocr_par' dir='ltr' id='par_1_13' title="bbox 151 1592 1341 1646">
     <span class='ocr_line' id='line_1_23' title="bbox 151 1592 1341 1646; baseline 0.002 -15"><span class='ocrx_word' id='word_1_134' title='bbox 151 1592 210 1632; x_wconf 89' lang='lat' dir='ltr'>Et</span> <span class='ocrx_word' id='word_1_135' title='bbox 231 1593 321 1632; x_wconf 90' lang='lat' dir='ltr'>sine</span> <span class='ocrx_word' id='word_1_136' title='bbox 341 1592 525 1645; x_wconf 89' lang='lat' dir='ltr'>pondere</span> <span class='ocrx_word' id='word_1_137' title='bbox 546 1599 681 1644; x_wconf 88' lang='lat' dir='ltr'>erunt,</span> <span class='ocrx_word' id='word_1_138' title='bbox 703 1600 744 1633; x_wconf 88' lang='lat' dir='ltr'>et</span> <span class='ocrx_word' id='word_1_139' title='bbox 765 1593 922 1633; x_wconf 90' lang='lat' dir='ltr'>honore</span> <span class='ocrx_word' id='word_1_140' title='bbox 943 1593 1125 1646; x_wconf 86' lang='lat' dir='ltr'>indigna</span> <span class='ocrx_word' id='word_1_141' title='bbox 1145 1592 1341 1644; x_wconf 86' lang='lat' dir='ltr'>ferentur,</span> 
     </span>
    </p>
   </div>
   <div class='ocr_carea' id='block_1_8' title="bbox 151 1657 1334 2493">
    <p class='ocr_par' dir='ltr' id='par_1_14' title="bbox 151 1657 1210 1710">
     <span class='ocr_line' id='line_1_24' title="bbox 151 1657 1210 1710; baseline 0.001 -14"><span class='ocrx_word' id='word_1_142' title='bbox 151 1657 289 1697; x_wconf 88' lang='lat' dir='ltr'>Verba</span> <span class='ocrx_word' id='word_1_143' title='bbox 309 1670 477 1697; x_wconf 89' lang='lat' dir='ltr'>movere</span> <span class='ocrx_word' id='word_1_144' title='bbox 499 1657 601 1708; x_wconf 89' lang='lat' dir='ltr'>loco,</span> <span class='ocrx_word' id='word_1_145' title='bbox 623 1658 824 1710; x_wconf 79' lang='lat' dir='ltr'>quamvis</span> <span class='ocrx_word' id='word_1_146' title='bbox 844 1658 980 1698; x_wconf 88' lang='lat' dir='ltr'>invita</span> <span class='ocrx_word' id='word_1_147' title='bbox 999 1658 1210 1709; x_wconf 86' lang='lat' dir='ltr'>recedant,</span> 
     </span>
    </p>

    <p class='ocr_par' dir='ltr' id='par_1_15' title="bbox 151 1722 1334 2361">
     <span class='ocr_line' id='line_1_25' title="bbox 151 1722 1183 1774; baseline 0.001 -13"><span class='ocrx_word' id='word_1_148' title='bbox 151 1722 210 1762; x_wconf 90' lang='lat' dir='ltr'>Et</span> <span class='ocrx_word' id='word_1_149' title='bbox 229 1729 448 1761; x_wconf 86' lang='lat' dir='ltr'>versentur</span> <span class='ocrx_word' id='word_1_150' title='bbox 468 1722 612 1761; x_wconf 90' lang='lat' dir='ltr'>adhuc</span> <span class='ocrx_word' id='word_1_151' title='bbox 633 1722 744 1761; x_wconf 86' lang='lat' dir='ltr'>intra</span> <span class='ocrx_word' id='word_1_152' title='bbox 763 1722 995 1774; x_wconf 83' lang='lat' dir='ltr'>penetralia</span> <span class='ocrx_word' id='word_1_153' title='bbox 1016 1722 1183 1763; x_wconf 84' lang='lat' dir='ltr'>Vestae.</span> 
     </span>
     <span class='ocr_line' id='line_1_26' title="bbox 152 1785 1124 1839; baseline 0 -12"><span class='ocrx_word' id='word_1_154' title='bbox 152 1786 391 1827; x_wconf 86' lang='lat' dir='ltr'>Obscurata</span> <span class='ocrx_word' id='word_1_155' title='bbox 411 1785 485 1825; x_wconf 90' lang='lat' dir='ltr'>diu</span> <span class='ocrx_word' id='word_1_156' title='bbox 506 1786 662 1838; x_wconf 90' lang='lat' dir='ltr'>populo</span> <span class='ocrx_word' id='word_1_157' title='bbox 683 1786 823 1827; x_wconf 88' lang='lat' dir='ltr'>bonus</span> <span class='ocrx_word' id='word_1_158' title='bbox 843 1793 972 1837; x_wconf 89' lang='lat' dir='ltr'>eruet,</span> <span class='ocrx_word' id='word_1_159' title='bbox 993 1792 1124 1839; x_wconf 87' lang='lat' dir='ltr'>atque</span> 
     </span>
     <span class='ocr_line' id='line_1_27' title="bbox 151 1849 1176 1904; baseline 0.001 -13"><span class='ocrx_word' id='word_1_160' title='bbox 151 1849 336 1892; x_wconf 88' lang='lat' dir='ltr'>Proferet</span> <span class='ocrx_word' id='word_1_161' title='bbox 356 1850 400 1889; x_wconf 92' lang='lat' dir='ltr'>in</span> <span class='ocrx_word' id='word_1_162' title='bbox 422 1850 562 1890; x_wconf 90' lang='lat' dir='ltr'>lucem</span> <span class='ocrx_word' id='word_1_163' title='bbox 582 1850 773 1901; x_wconf 87' lang='lat' dir='ltr'>speciosa</span> <span class='ocrx_word' id='word_1_164' title='bbox 791 1851 1004 1891; x_wconf 84' lang='lat' dir='ltr'>vocabula</span> <span class='ocrx_word' id='word_1_165' title='bbox 1024 1864 1176 1904; x_wconf 89' lang='lat' dir='ltr'>rerum,</span> 
     </span>
     <span class='ocr_line' id='line_1_28' title="bbox 151 1915 1334 1972; baseline 0.003 -17"><span class='ocrx_word' id='word_1_166' title='bbox 151 1915 282 1960; x_wconf 78' lang='lat' dir='ltr'>Quae</span> <span class='ocrx_word' id='word_1_167' title='bbox 302 1915 449 1967; x_wconf 86' lang='lat' dir='ltr'>priscis</span> <span class='ocrx_word' id='word_1_168' title='bbox 469 1922 703 1955; x_wconf 84' lang='lat' dir='ltr'>memorata</span> <span class='ocrx_word' id='word_1_169' title='bbox 724 1916 959 1956; x_wconf 85' lang='lat' dir='ltr'>Catonibus</span> <span class='ocrx_word' id='word_1_170' title='bbox 980 1923 1109 1969; x_wconf 86' lang='lat' dir='ltr'>atque</span> <span class='ocrx_word' id='word_1_171' title='bbox 1129 1917 1334 1972; x_wconf 84' lang='lat' dir='ltr'>Cethegis</span> 
     </span>
     <span class='ocr_line' id='line_1_29' title="bbox 152 1979 1276 2033; baseline 0.001 -11"><span class='ocrx_word' id='word_1_172' title='bbox 152 1981 280 2022; x_wconf 90' lang='lat' dir='ltr'>Nunc</span> <span class='ocrx_word' id='word_1_173' title='bbox 301 1980 407 2020; x_wconf 89' lang='lat' dir='ltr'>situs</span> <span class='ocrx_word' id='word_1_174' title='bbox 429 1979 620 2020; x_wconf 87' lang='lat' dir='ltr'>informis</span> <span class='ocrx_word' id='word_1_175' title='bbox 640 1981 791 2033; x_wconf 89' lang='lat' dir='ltr'>premit</span> <span class='ocrx_word' id='word_1_176' title='bbox 810 1988 852 2021; x_wconf 90' lang='lat' dir='ltr'>et</span> <span class='ocrx_word' id='word_1_177' title='bbox 871 1981 1038 2022; x_wconf 87' lang='lat' dir='ltr'>deserta</span> <span class='ocrx_word' id='word_1_178' title='bbox 1057 1989 1276 2032; x_wconf 79' lang='lat' dir='ltr'>vetustas:</span> 
     </span>
     <span class='ocr_line' id='line_1_30' title="bbox 151 2045 1248 2101; baseline 0.002 -15"><span class='ocrx_word' id='word_1_179' title='bbox 151 2045 372 2086; x_wconf 89' lang='lat' dir='ltr'>Adsciscet</span> <span class='ocrx_word' id='word_1_180' title='bbox 392 2058 515 2096; x_wconf 86' lang='lat' dir='ltr'>nova,</span> <span class='ocrx_word' id='word_1_181' title='bbox 537 2058 649 2098; x_wconf 89' lang='lat' dir='ltr'>quae</span> <span class='ocrx_word' id='word_1_182' title='bbox 670 2046 831 2099; x_wconf 89' lang='lat' dir='ltr'>genitor</span> <span class='ocrx_word' id='word_1_183' title='bbox 851 2046 1098 2099; x_wconf 87' lang='lat' dir='ltr'>produxerit</span> <span class='ocrx_word' id='word_1_184' title='bbox 1117 2060 1248 2088; x_wconf 91' lang='lat' dir='ltr'>usus·</span> <span class='ocrx_word' id='word_1_185' title='bbox 1237 2079 1248 2101; x_wconf 93' lang='lat'>‚</span> 
     </span>
     <span class='ocr_line' id='line_1_31' title="bbox 152 2110 1290 2166; baseline 0.003 -15"><span class='ocrx_word' id='word_1_186' title='bbox 152 2110 392 2151; x_wconf 89' lang='lat' dir='ltr'>Vehemens</span> <span class='ocrx_word' id='word_1_187' title='bbox 412 2117 454 2150; x_wconf 87' lang='lat' dir='ltr'>et</span> <span class='ocrx_word' id='word_1_188' title='bbox 474 2111 665 2163; x_wconf 89' lang='lat' dir='ltr'>liquidus</span> <span class='ocrx_word' id='word_1_189' title='bbox 684 2125 875 2164; x_wconf 90' lang='lat' dir='ltr'>puroque</span> <span class='ocrx_word' id='word_1_190' title='bbox 895 2112 1139 2153; x_wconf 82' lang='lat' dir='ltr'>simillimus</span> <span class='ocrx_word' id='word_1_191' title='bbox 1159 2113 1290 2166; x_wconf 78' lang='lat' dir='ltr'>amni,</span> 
     </span>
     <span class='ocr_line' id='line_1_32' title="bbox 153 2175 1246 2232; baseline 0.002 -15"><span class='ocrx_word' id='word_1_192' title='bbox 153 2175 326 2217; x_wconf 89' lang='lat' dir='ltr'>Fundet</span> <span class='ocrx_word' id='word_1_193' title='bbox 346 2188 456 2228; x_wconf 87' lang='lat' dir='ltr'>opes,</span> <span class='ocrx_word' id='word_1_194' title='bbox 479 2176 739 2229; x_wconf 89' lang='lat' dir='ltr'>Latiumque</span> <span class='ocrx_word' id='word_1_195' title='bbox 760 2177 901 2217; x_wconf 86' lang='lat' dir='ltr'>beabit</span> <span class='ocrx_word' id='word_1_196' title='bbox 920 2177 1052 2218; x_wconf 84' lang='lat' dir='ltr'>divite</span> <span class='ocrx_word' id='word_1_197' title='bbox 1071 2178 1246 2232; x_wconf 87' lang='lat' dir='ltr'>lingua·</span> <span class='ocrx_word' id='word_1_198' title='bbox 1234 2210 1245 2232; x_wconf 93' lang='lat'>,</span> 
     </span>
     <span class='ocr_line' id='line_1_33' title="bbox 152 2238 1156 2295; baseline 0.003 -13"><span class='ocrx_word' id='word_1_199' title='bbox 152 2238 440 2282; x_wconf 85' lang='lat' dir='ltr'>Luxuriantia</span> <span class='ocrx_word' id='word_1_200' title='bbox 460 2248 709 2293; x_wconf 90' lang='lat' dir='ltr'>compescet,</span> <span class='ocrx_word' id='word_1_201' title='bbox 731 2242 859 2282; x_wconf 89' lang='lat' dir='ltr'>nimis</span> <span class='ocrx_word' id='word_1_202' title='bbox 879 2255 1030 2295; x_wconf 88' lang='lat' dir='ltr'>aspera</span> <span class='ocrx_word' id='word_1_203' title='bbox 1050 2256 1156 2285; x_wconf 87' lang='lat' dir='ltr'>sano</span> 
     </span>
     <span class='ocr_line' id='line_1_34' title="bbox 152 2306 1032 2361; baseline 0.001 -14"><span class='ocrx_word' id='word_1_204' title='bbox 152 2306 333 2347; x_wconf 82' lang='lat' dir='ltr'>Levabit</span> <span class='ocrx_word' id='word_1_205' title='bbox 352 2306 485 2357; x_wconf 88' lang='lat' dir='ltr'>cultu,</span> <span class='ocrx_word' id='word_1_206' title='bbox 507 2306 660 2346; x_wconf 86' lang='lat' dir='ltr'>virtute</span> <span class='ocrx_word' id='word_1_207' title='bbox 681 2308 869 2347; x_wconf 86' lang='lat' dir='ltr'>carentia</span> <span class='ocrx_word' id='word_1_208' title='bbox 889 2309 1032 2361; x_wconf 91' lang='lat' dir='ltr'>tollet;</span> 
     </span>
    </p>

    <p class='ocr_par' dir='ltr' id='par_1_16' title="bbox 152 2371 1322 2493">
     <span class='ocr_line' id='line_1_35' title="bbox 152 2371 1235 2427; baseline 0.002 -14"><span class='ocrx_word' id='word_1_209' title='bbox 152 2371 362 2413; x_wconf 89' lang='lat' dir='ltr'>Ludentis</span> <span class='ocrx_word' id='word_1_210' title='bbox 382 2371 564 2424; x_wconf 87' lang='lat' dir='ltr'>speciem</span> <span class='ocrx_word' id='word_1_211' title='bbox 586 2371 713 2423; x_wconf 84' lang='lat' dir='ltr'>dabit,</span> <span class='ocrx_word' id='word_1_212' title='bbox 735 2379 777 2412; x_wconf 90' lang='lat' dir='ltr'>et</span> <span class='ocrx_word' id='word_1_213' title='bbox 797 2374 1070 2426; x_wconf 89' lang='lat' dir='ltr'>torquebitur,</span> <span class='ocrx_word' id='word_1_214' title='bbox 1091 2380 1141 2415; x_wconf 90' lang='lat' dir='ltr'>ut</span> <span class='ocrx_word' id='word_1_215' title='bbox 1159 2373 1235 2427; x_wconf 82' lang='lat' dir='ltr'>qui</span> 
     </span>
     <span class='ocr_line' id='line_1_36' title="bbox 154 2436 1322 2493; baseline 0.003 -16"><span class='ocrx_word' id='word_1_216' title='bbox 154 2436 283 2478; x_wconf 88' lang='lat' dir='ltr'>Nunc</span> <span class='ocrx_word' id='word_1_217' title='bbox 302 2436 518 2490; x_wconf 81' lang='lat' dir='ltr'>Satyrum,</span> <span class='ocrx_word' id='word_1_218' title='bbox 539 2449 657 2479; x_wconf 85' lang='lat' dir='ltr'>nunc</span> <span class='ocrx_word' id='word_1_219' title='bbox 676 2444 887 2491; x_wconf 84' lang='lat' dir='ltr'>agrestem</span> <span class='ocrx_word' id='word_1_220' title='bbox 907 2439 1099 2493; x_wconf 84' lang='lat' dir='ltr'>Cyclopa</span> <span class='ocrx_word' id='word_1_221' title='bbox 1117 2445 1322 2480; x_wconf 87' lang='lat' dir='ltr'>movetur.</span> 
     </span>
    </p>
   </div>
   <div class='ocr_carea' id='block_1_9' title="bbox 1416 1135 1499 1178">
    <p class='ocr_par' dir='ltr' id='par_1_17' title="bbox 1416 1135 1499 1178">
     <span class='ocr_line' id='line_1_37' title="bbox 1416 1135 1499 1178; baseline 0 0"><span class='ocrx_word' id='word_1_222' title='bbox 1416 1135 1499 1178; x_wconf 83' lang='lat'>105</span> 
     </span>
    </p>
   </div>
   <div class='ocr_carea' id='block_1_10' title="bbox 1416 1463 1502 1505">
    <p class='ocr_par' dir='ltr' id='par_1_18' title="bbox 1416 1463 1502 1505">
     <span class='ocr_line' id='line_1_38' title="bbox 1416 1463 1502 1505; baseline -0.012 0"><span class='ocrx_word' id='word_1_223' title='bbox 1416 1463 1502 1505; x_wconf 83' lang='lat'>11⁰</span> 
     </span>
    </p>
   </div>
   <div class='ocr_carea' id='block_1_11' title="bbox 1418 1788 1501 1829">
    <p class='ocr_par' dir='ltr' id='par_1_19' title="bbox 1418 1788 1501 1829">
     <span class='ocr_line' id='line_1_39' title="bbox 1418 1788 1501 1829; baseline 0 0"><span class='ocrx_word' id='word_1_224' title='bbox 1418 1788 1501 1829; x_wconf 84' lang='lat'>115</span> 
     </span>
    </p>
   </div>
   <div class='ocr_carea' id='block_1_12' title="bbox 1418 2113 1501 2155">
    <p class='ocr_par' dir='ltr' id='par_1_20' title="bbox 1418 2113 1501 2155">
     <span class='ocr_line' id='line_1_40' title="bbox 1418 2113 1501 2155; baseline -0.012 0"><span class='ocrx_word' id='word_1_225' title='bbox 1418 2113 1501 2155; x_wconf 79' lang='lat'>120</span> 
     </span>
    </p>
   </div>
   <div class='ocr_carea' id='block_1_13' title="bbox 1412 2402 1496 2479">
    <p class='ocr_par' dir='ltr' id='par_1_21' title="bbox 1412 2402 1496 2479">
     <span class='ocr_line' id='line_1_41' title="bbox 1412 2402 1496 2479; baseline 0 0"><span class='ocrx_word' id='word_1_226' title='bbox 1412 2402 1496 2479; x_wconf 75' lang='lat'>&#39;125</span> 
     </span>
    </p>
   </div>
  </div>
 </body>
</html>
