1650 2730
180 161 276 208 110

713 170 979 205 nmmum

344 276 468 330 Lyde
489 282 663 316 strenua
682 275 945 326 Caecubum,

401 342 680 393 Munitaeque
700 340 856 380 adhibe
876 340 967 381 vim
987 339 1232 394 sapientiae.

346 407 556 448 Inclinare
577 405 796 446 meridiem

401 473 554 522 Sentis,
576 484 638 522 ac,
660 471 795 511 veluti
815 476 896 511 stet
914 470 1099 510 volucris
1118 469 1220 521 dies,

343 538 488 579 Parcis
509 537 695 589 deripere
716 537 864 576 horreo

399 603 650 643 Cessantem
671 601 813 642 Bibuli
833 600 1026 641 consulis
1046 600 1312 653 amphoram.

344 668 434 709 Nos
453 667 725 707 cantabimus
746 666 931 706 invicem

398 733 652 786 Neptunum
672 738 714 771 et
734 731 889 771 virides
911 729 1145 771 Nereidum
1164 742 1334 770 comas:

344 799 421 839 Tu
440 811 573 838 curva
593 797 754 837 recines
775 797 870 849 lyra
1007 843 1012 847 ‚

398 864 612 904 Latonam
631 869 673 903 et
691 862 838 903 celeris
859 852 1025 914 spicula
1045 860 1271 914 Cynthiae,

343 930 524 970 Summo
544 929 744 979 carmine,
766 940 879 980 quae
893 926 1070 967 Cnidon

402 994 724 1047 Fulgentesque
744 999 859 1033 tenet
878 991 1097 1046 Cycladas
1115 996 1158 1031 et
1176 990 1359 1044 Paphon

344 1060 370 1101 J
376 1060 512 1099 unctis
532 1059 633 1099 visit
653 1059 838 1099 oloribus
855 1072 865 1110 ;
956 1057 960 1060 ’

402 1125 579 1165 Dicetur
598 1124 749 1165 merita
769 1123 869 1165 Nox
887 1134 1060 1176 quoque
1078 1121 1222 1163 nenia.

634 1517 873 1558 GARMEN
910 1515 1069 1555 XXIX.

584 1658 653 1684 AD
698 1657 1119 1685 MAECENATEM.

345 1785 574 1837 Tyrrhena
594 1796 746 1836 regum
771 1783 1002 1836 progenies,
1024 1783 1101 1823 tibi

345 1850 443 1890 Non
464 1856 562 1889 ante
583 1862 703 1889 verso
725 1849 817 1889 lene
838 1862 1005 1889 merum
1023 1847 1132 1888 cado

403 1915 516 1955 Cum
537 1914 648 1965 flore,
672 1915 912 1966 Maecenas,
935 1926 1129 1954 rosarum
1149 1919 1193 1953 et

458 1980 611 2020 Pressa
631 1981 716 2037 tuis
737 1980 920 2021 balanus
939 1978 1106 2032 capillis

348 2118 616 2159 Jamdudum
636 2118 753 2171 apud
772 2131 841 2158 me
861 2123 936 2157 est.
996 2116 1124 2169 Eripe
1145 2122 1186 2156 te
1205 2128 1359 2169 morae,

350 2183 441 2224 Nec
462 2196 626 2235 semper
647 2183 783 2222 udum
804 2182 945 2222 Tibur
963 2187 1006 2222 et
1025 2181 1212 2222 Aesulae

403 2247 579 2288 Declive
600 2246 893 2298 contempleris
913 2259 1066 2287 arvum
1085 2253 1129 2287 et

463 2312 672 2365 Telegoni
686 2313 794 2365 juga
813 2311 1057 2364 parricidae.

520 2451 558 2485 C.
572 2453 661 2484 xxix.
677 2452 711 2490 ⁵,
726 2451 757 2484 6.
780 2461 890 2484 morae
905 2463 915 2490 ς
937 2451 1017 2489 Ne-,
1034 2450 1188 2484 Orcum

1472 729 1526 770 10

1473 1055 1528 1096 15
