1612 2716
607 177 838 214 mnu.
901 180 1034 215 ιιι.
1383 169 1542 225 280.

144 280 229 328 me,
241 278 413 324 ms
430 284 694 324 sermonibus
712 291 755 324 et
773 284 863 324 sale
880 285 1012 338 nigro.
1427 289 1486 332 60

140 347 256 388 Tres
275 347 383 387 mihi
401 349 609 388 convivae
628 362 756 402 prope
774 349 995 390 dissentire
1013 350 1225 403 videntur,

147 411 375 452 Poscentes
394 413 511 451 vario
530 413 716 453 multum
735 413 904 454 diversa
921 414 1075 467 palato.

143 475 268 520 Quid
287 475 387 515 dem
401 475 420 516 ’.Ι
448 476 554 528 quid
573 489 659 517 non
674 477 774 518 dem
785 479 805 518 21
849 479 1011 519 Renuis
1026 487 1085 531 tu,
1098 480 1214 532 quod
1227 481 1349 534 jubet
1359 482 1484 536 alter;

148 539 281 584 Quod
300 541 420 592 petis,
440 540 485 581 id
504 554 608 581 sane
627 549 691 582 est
710 543 899 584 invisum
918 544 1176 598 acidumque
1194 545 1375 587 duobus.

147 604 322 644 Praeter
338 612 488 655 cetera,
510 618 579 646 me
598 606 816 648 Romaene
836 617 1032 661 poemata
1050 622 1199 650 censes
1431 612 1487 654 65

145 667 335 708 Scribere
355 681 477 721 posse
495 670 605 711 inter
622 678 683 711 tot
701 684 827 712 curas
846 680 991 726 totque
1011 674 1172 715 laboroe
1183 675 1204 715 21

145 732 228 772 Hic
249 745 453 786 sponsum
474 743 611 786 vocat,
632 736 702 776 hic
721 737 919 778 auditum
938 739 1093 792 scripta
1112 740 1267 781 relictis

134 797 363 838 Omnibus
380 798 554 840 officiis:
583 801 712 841 cubat
731 802 802 842 hic
822 803 867 843 in
886 803 994 844 colle
1012 805 1199 856 Quirini,

143 861 227 901 Hic
246 870 436 903 extremo
456 864 501 904 in
520 865 744 917 Aventino,
766 868 970 908 visendus
990 876 1190 922 uterque:

145 925 374 968 Intervalla
392 928 512 968 vides
532 929 725 971 humane
743 933 1198 975 commoda.—Verum
1430 937 1488 978 ⁷0

145 989 283 1030 Purae
303 999 404 1048 sunt
422 993 598 1045 plateae,
619 996 728 1036 nihil
747 1004 796 1036 ut
814 998 1118 1039 meditantibus
1136 1001 1342 1041 obstet.—

148 1054 343 1095 Festinat
360 1057 526 1097 calidus
546 1059 676 1099 mulis
695 1062 935 1114 gerulisque
955 1064 1201 1116 redemptor,

136 1118 339 1171 „Torquet
357 1133 473 1160 nunc
494 1121 692 1175 lapidem,
713 1137 830 1165 nunc
850 1127 1001 1178 ingens
1021 1129 1225 1169 machina
1242 1130 1422 1182 tignum,

147 1182 310 1224 Tristia
328 1185 510 1225 robustis
530 1186 747 1228 luctantur
765 1188 918 1230 funera
938 1191 1148 1243 plaustris»,

146 1247 242 1287 Hac
261 1249 427 1288 rabiosa
445 1248 548 1290 furit
567 1252 698 1303 canis,
719 1252 801 1292 hac
821 1253 1033 1295 lutulenta
1051 1257 1134 1296 ruit
1153 1269 1252 1297 sus:
1430 1259 1486 1300 ⁷5

144 1311 167 1352 Ι
185 1324 301 1352 nunc
321 1320 364 1352 et
381 1326 532 1358 versus
551 1322 695 1356 tecum
713 1317 916 1358 meditare
937 1332 1126 1360 canoros.

144 1376 407 1429 Scriptorum
425 1379 582 1419 chorus
601 1382 740 1421 omnis
760 1390 877 1423 amat
895 1397 1060 1436 nemus,
1080 1392 1123 1426 et
1140 1385 1251 1439 fugit
1268 1387 1428 1439 urbem,

143 1440 241 1481 Rite
259 1441 392 1482 cliens
411 1443 571 1484 Bacchi
591 1457 743 1485 somno
761 1447 987 1499 gaudentis
1006 1457 1048 1489 et
1067 1452 1244 1503 umbra3

146 1505 223 1546 Tu
240 1518 309 1546 me
328 1507 437 1547 inter
455 1510 653 1561 strepitus
671 1518 900 1552 nocturnos
919 1520 1048 1565 atque
1067 1514 1243 1556 diurnos

144 1570 220 1610 Vis
237 1583 400 1623 canere,
421 1579 464 1612 et
481 1580 697 1615 contracta
715 1577 837 1629 sequi
857 1578 1035 1631 vestigia
1054 1587 1205 1621 vatum
1216 1581 1236 1620 ’.Ι
1427 1581 1487 1623 80

146 1634 382 1688 Ingenium,
403 1637 484 1677 sibi
502 1639 619 1690 quod
638 1652 800 1680 vacuas
819 1641 1055 1696 desumpsit
1074 1645 1269 1686 Athenas

146 1698 206 1739 Et
224 1700 375 1740 studiis
394 1714 531 1742 annos
551 1711 712 1756 septem
731 1705 849 1746 dedit
867 1708 1139 1762 insenuitque

146 1763 283 1804 Libris
302 1772 344 1804 et
362 1767 487 1817 curis,
507 1774 651 1808 statua
670 1770 922 1812 taciturnius
940 1774 1031 1814 exit

147 1827 403 1880 Plerumque
421 1837 464 1870 et
482 1832 571 1872 risu
588 1834 797 1886 populum
815 1837 979 1888 quatit:
1008 1838 1079 1878 hic
1098 1851 1188 1892 ego,
1208 1852 1350 1881 rerum

148 1890 372 1931 Fluctibus
391 1893 437 1933 in
455 1895 607 1936 mediis
625 1905 668 1937 et
687 1902 1006 1951 tempoetatibus
1025 1904 1172 1954 urbis„
1429 1905 1484 1946 85

148 1955 286 1995 Verba
305 1956 423 2008 lyrae
442 1965 609 2000 motura
627 1974 783 2002 sonum
801 1973 1048 2006 connectere
1067 1967 1247 2020 digner-‘3

148 2019 296 2059 Frater
313 2028 402 2061 erat
421 2022 583 2064 Romae
601 2027 786 2067 consulti
804 2029 953 2080 rhetor,
974 2037 1023 2070 ut
1041 2031 1147 2072 alter

148 2081 343 2138 Alterius·
354 2098 545 2128 sermone
564 2102 702 2130 meros
720 2092 887 2133 audiret
905 2094 1097 2146 honores,

148 2147 370 2188 Gracchus
388 2157 437 2190 ut
455 2152 526 2192 hic
545 2153 608 2194 illi
625 2155 742 2207 foret,
762 2157 863 2198 huic
883 2166 932 2199 ut
950 2159 1124 2201 Mucius
1142 2161 1226 2202 ille.

148 2211 243 2255 Qut
262 2212 406 2252 minus
425 2223 597 2268 argutos
615 2228 745 2260 vexat
762 2221 877 2262 furor
895 2223 975 2263 iste
993 2232 1139 2276 poetas
1152 2225 1173 2265 2
1426 2227 1484 2267 90

147 2275 351 2316 Carmina
369 2289 587 2332 compono,
606 2282 678 2323 hic
696 2284 849 2339 elegos.
906 2288 1102 2330 Mirabile
1120 2290 1220 2330 visu

562 2429 616 2473 π.
638 2425 743 2464 u'rbeu.
825 2433 880 2467 80.
902 2441 1060 2468 omnen.

789 2495 843 2536 13
