1650 2730
458 211 705 258 mmmm
769 213 946 248 mxiv.

291 312 415 354 Notis
436 314 609 355 condita
627 315 750 358 fastis

348 379 528 420 Inclusit
546 381 733 423 volucris
750 382 854 424 dies.

234 506 339 550 Quo
357 506 468 560 fugit
482 521 631 560 venus,
643 510 741 562 heu,
757 524 898 564 quove
915 514 1031 555 color
1040 515 1061 555 ’.ἱ
1089 515 1246 558 decens

231 571 336 616 Quo
353 579 495 614 motus
506 573 526 614 ’.ἱ
554 574 660 627 quid
677 576 811 618 haboe
829 578 956 631 illius
976 580 1104 633 illius,

286 636 415 681 Quae
435 637 621 690 spirabat
639 653 816 693 amores,

343 702 474 746 Quae
493 716 563 744 me
583 713 807 758 surpuerat
827 707 948 760 mihi,

229 828 356 869 Felix
375 837 470 883 post
489 832 703 886 Cinaram,
723 842 910 889 notaque
931 844 973 878 et
991 839 1149 881 artium

227 894 457 936 Gratarum
474 895 606 938 facies
617 898 637 938 ’.ἱ
693 900 781 941 Sed
801 901 986 944 Cinarae
1005 904 1155 946 breves

284 960 430 1001 Annos
448 961 537 1002 fata
555 963 774 1018 dederunt,

335 1025 566 1068 Servatura
583 1028 659 1069 diu
677 1043 826 1083 parem

224 1150 414 1192 Cornicis
434 1154 605 1195 vetulae
624 1160 882 1211 temporibus
900 1161 1063 1214 Lycen,

224 1215 403 1256 Possent
422 1224 470 1257 ut
482 1219 663 1271 juvenes
683 1222 817 1263 visere
836 1224 999 1277 fervidi,

278 1280 417 1320 Multo
436 1294 523 1322 non
542 1284 635 1324 sine
653 1285 742 1326 risu

333 1345 557 1399 Dilapsam
576 1348 623 1389 in
641 1349 802 1391 cineres
820 1351 973 1395 facem.

492 1690 732 1732 GARMEN
775 1694 894 1735 XIV.

450 1810 526 1837 AD
573 1812 927 1843 AUGUSTUM.

231 1911 359 1956 Quae
377 1926 482 1954 cura
500 1915 678 1958 Patrum
698 1932 862 1972 quaeve
882 1923 1132 1979 Quiritium,

231 1975 374 2017 Plems
393 1979 603 2021 honorum
622 1985 873 2025 muneribus
893 1993 1003 2040 tuas,

286 2041 491 2096 Auguste,
511 2046 690 2087 virtutes
710 2049 755 2089 in
774 2062 934 2092 aevum

341 2106 422 2148 Per
439 2109 581 2151 titulos
598 2125 889 2168 memoresque
908 2117 1039 2159 fastos

233 2231 439 2285 Aetemet,
459 2248 497 2287 o,
516 2250 604 2290 qua
621 2242 685 2282 sol
704 2243 957 2286 habitabiles

233 2294 423 2338 Illustrat
441 2312 549 2353 oras,
569 2307 758 2348 maxime
776 2310 1019 2364 principum
1036 2312 1047 2353 !

262 2424 313 2456 17.
335 2435 436 2464 quove
450 2428 694 2466 odordeoemt
714 2467 720 2471 ,
759 2454 762 2455 ⁷
866 2438 921 2470 28.
945 2439 1129 2480 Delma-m.

550 2481 590 2515 C.
605 2485 668 2517 xiv.
683 2488 715 2518 4.
737 2487 843 2521 fam.

1294 209 1390 261 135
