1650 2730
530 230 692 264 unm.
756 229 799 264 o.
829 230 880 264 v,
1289 214 1386 270 14¹1

206 335 321 377 Cum
340 335 597 389 promineret
613 346 696 385 ore,
714 340 932 387 quantum
950 340 1125 376 exstant
1142 347 1259 389 aqua
1332 336 1390 377 35

261 401 482 454 Suspensa
501 406 647 440 mento
664 411 866 452 corpora:

206 465 406 507 Exsucta
425 465 488 505 uti
507 463 699 505 medulla
718 470 761 504 et
778 464 949 506 aridum
961 466 1084 519 Jecur

265 530 433 571 Amoris
452 542 545 569 esse
564 529 786 582 poculum,

208 594 487 636 Interminato
505 607 608 634 cum
627 594 759 634 semel
778 593 896 635 fixae
914 594 1011 636 cibo

265 659 556 700 Intabuissent
574 658 776 712 pupulae.
1336 660 1393 701 40

208 723 308 766 Non
326 723 513 764 defuisse
531 724 752 764 masculae
771 723 962 766 libidinis

266 789 583 830 Ariminensem
601 789 783 840 Foliam,

208 853 270 895 Et
287 854 422 895 otiosa
440 853 618 895 credidit
636 853 840 907 Neapolis

264 919 327 960 Et
343 932 470 960 omne
489 920 683 960 vicinum
701 919 919 973 oppidum,

211 984 345 1028 Quae
364 984 505 1025 sidera
524 991 755 1026 excantata
773 997 879 1026 voce
898 985 1117 1026 Thessala
1338 985 1395 1026 45

268 1047 529 1100 Lunamque
548 1049 667 1089 coelo
686 1049 849 1102 deripit.

211 1111 295 1153 Hic
313 1112 559 1153 irresectum
577 1127 709 1154 saeva
727 1114 860 1155 dente
880 1114 1013 1155 livido

270 1176 453 1216 Canidia
470 1177 624 1217 rodens
642 1178 852 1230 pollicem,

214 1241 338 1286 Quid
357 1241 467 1281 dixit
486 1248 563 1282 aut
580 1242 687 1294 quid
706 1244 839 1283 tacuit
851 1244 872 1283 ’.ἲ
930 1247 954 1268 “
970 1243 1021 1294 0,
1041 1243 1168 1284 rebus
1186 1243 1294 1284 meis

272 1305 372 1346 Non
391 1305 585 1346 infideles
605 1306 798 1358 arbitr-ae,
1338 1307 1396 1348 50

216 1369 318 1411 Nox
335 1377 380 1410 et
398 1371 554 1422 Diana,
575 1384 688 1423 quae
707 1371 926 1412 silentium
943 1372 1069 1424 regis,

272 1436 443 1475 Arcana
462 1448 565 1475 cum
584 1435 698 1476 fiunt
715 1449 850 1486 sacra,

215 1500 356 1551 Nunc,
376 1513 494 1540 nunc
514 1500 672 1552 adeste,
686 1514 803 1541 nunc
823 1501 869 1541 in
887 1500 1062 1541 hostiles
1081 1500 1231 1542 domos

274 1565 390 1605 Iram
408 1572 541 1617 atque
560 1578 723 1606 numen
742 1567 892 1606 vertite
910 1566 921 1606 !

217 1629 523 1670 Formidolosis
541 1629 649 1670 dum
667 1630 801 1671 latent
819 1631 940 1671 silvis
959 1629 1086 1682 ferae,
1341 1631 1398 1672 55

274 1694 405 1735 Dulci
424 1708 570 1748 sopore
590 1695 833 1748 languidae,

218 1758 385 1810 Senem,
406 1760 523 1812 quod
540 1772 689 1800 omnes
708 1760 884 1811 rideant,
907 1760 1152 1801 adulterum

274 1823 450 1863 Latrent
469 1825 724 1865 Suburanae
742 1837 884 1876 caneS,

221 1887 365 1927 Nardo
383 1896 647 1941 perunctum,
668 1889 797 1942 quale
815 1902 903 1930 non
921 1888 1147 1942 perfectius

277 1951 400 1992 Meae
420 1953 650 1994 laborarint
666 1966 896 1994 manus.—-
1342 1955 1397 1995 60

221 2015 345 2060 Quid
362 2017 517 2058 accidit
530 2019 549 2058 ’.ῑ
577 2031 655 2058 cur
673 2018 766 2058 dira
784 2019 987 2058 barbarae
1005 2013 1151 2058 minus

280 2079 455 2121 Venena
474 2082 654 2123 Medeae
673 2083 853 2123 valent?

224 2143 398 2187 Quibus
417 2147 643 2198 superbam
661 2146 773 2200 fugit
791 2147 883 2187 ulta
902 2146 1109 2199 pellicem,

283 2207 432 2259 Magni
451 2209 641 2250 Creontis
660 2211 808 2262 filiam,

225 2270 340 2310 Cum
358 2271 483 2322 palla,
503 2274 602 2313 tabo
619 2287 780 2316 munus
799 2276 1023 2326 imbutum,
1043 2287 1203 2315 novam
1342 2275 1396 2314 65

284 2334 487 2374 Incendio
505 2343 686 2388 nuptam
702 2339 890 2379 abstulit.

190 2441 245 2474 37.
267 2441 433 2480 Examen
453 2450 585 2483 απαις
605 2451 743 2476 exsecta.
828 2446 882 2478 55.
904 2445 1164 2484 Formidoloeae5
1184 2455 1271 2478 cum.

280 2493 334 2525 60.
355 2493 549 2527 laborarunt.
634 2495 689 2528 63.
710 2497 856 2536 arperht.
945 2497 997 2528 65.
1018 2495 1182 2528 instem.
