1612 2716
149 115 245 167 2¹22
649 132 989 166 mmmm

149 235 279 287 Alter,
301 236 345 276 in
366 236 619 288 obsequium
640 237 737 289 plus
758 249 895 289 aequo
915 249 1074 290 pronus
1092 244 1136 278 et
1153 237 1230 279 imi
1415 255 1418 258 ’
1443 239 1501 280 10

149 301 319 341 Derisor
339 302 448 352 lecti,
471 302 531 341 sic
553 308 710 342 nutum
730 302 875 342 divitis
895 303 1045 352 horret,

149 367 220 407 Sic
241 367 362 406 iterat
382 379 508 407 voces
528 374 569 407 et
590 369 720 407 verba
739 367 938 408 cadentia
958 368 1077 419 tollit,

149 432 208 472 Ut
228 445 410 484 puerum
431 445 560 472 saevo
580 433 730 472 credas
750 433 911 473 dictata
930 435 1135 487 magistro

149 497 353 547 Reddere,
374 497 443 537 vel
463 506 604 550 partes
623 499 805 538 mimum
826 505 1006 539 tractare
1025 499 1263 552 secundas3

149 564 266 603 Alter
286 565 448 604 rixatur
467 564 521 604 de
542 564 642 604 lana
663 578 788 618 saepe
808 565 995 617 caprina,
1447 565 1503 606 15

150 628 396 682 Propugnat
416 631 544 683 nugis
565 637 780 682 armatus;
812 631 993 681 Scilicet,
1016 637 1065 670 ut
1083 643 1171 670 non

149 695 215 735 Sit
234 696 341 735 mihi
362 696 499 748 prima
519 695 640 747 fides,
663 703 715 747 et,
737 709 835 736 vere
856 696 971 748 quod
991 696 1142 749 placet,
1164 703 1214 736 ut
1232 708 1320 736 non

146 760 310 800 Acriter
329 761 506 800 elatrem
518 761 539 801 ’.ἲ
597 762 787 801 Pretium
808 769 925 801 aetas
947 761 1080 801 altera
1100 760 1251 801 sordet.

147 825 393 878 Ambigitur
411 825 516 877 quid
537 826 651 866 enim
665 827 684 866 ῗὶ
743 827 895 866 Castor
915 827 1032 877 sciat,
1053 839 1110 866 an
1132 825 1337 883 Dolichos
1355 825 1481 879 plus;

147 890 427 931 Brundisium
451 891 618 931 Minuci
638 892 792 931 melius
813 893 885 931 via
904 891 1036 931 ducat
1055 904 1110 931 an
1133 891 1260 944 Appi.
1445 891 1505 932 20

148 956 295 1000 Quem
316 956 526 996 damnosa
546 957 705 1007 Venus,
727 970 857 1009 quem
877 969 1078 1009 praeceps
1097 956 1195 996 alea
1212 955 1362 1007 nudat,

148 1021 292 1060 Gloria
311 1034 442 1073 quem
462 1035 591 1074 supra
613 1023 723 1062 vires
743 1030 784 1062 et
804 1023 931 1062 vestit
949 1029 992 1062 et
1011 1022 1146 1075 ungit,

147 1087 296 1131 Quem
317 1094 430 1126 tenet
450 1088 613 1140 argenti
635 1089 726 1127 sitis
747 1088 990 1144 importuna
1009 1087 1245 1140 famesque,

146 1152 295 1196 Quem
315 1153 575 1205 paupertatis
596 1153 733 1205 pudor
752 1160 794 1193 et
814 1152 945 1206 fuga:
975 1153 1097 1193 dives
1117 1153 1295 1205 amicus,

146 1217 283 1270 Saepe
305 1218 452 1257 decem
473 1219 587 1258 vitiis
609 1219 862 1270 instructior,
883 1219 973 1259 odit
992 1225 1034 1259 et
1053 1219 1218 1259 horret:
1442 1218 1500 1259 25

146 1283 246 1333 Aut,
269 1284 303 1322 si
324 1296 410 1323 non
431 1284 531 1335 odit,
553 1285 669 1337 regit,
692 1298 743 1324 ac
763 1285 898 1324 veluti
919 1285 990 1337 pia
1009 1291 1155 1336 mater,

146 1347 251 1387 Plus
271 1361 404 1400 quam
427 1362 473 1388 se
495 1363 642 1402 sapere
662 1357 704 1389 et
725 1350 952 1390 virtutibus
973 1363 1066 1389 esse
1087 1350 1268 1402 priorem

146 1413 260 1463 Vult,
282 1420 324 1452 et
344 1415 403 1453 ait
423 1427 552 1467 prope
571 1428 695 1454 vera:
729 1415 1164 1455 Meae—contendere
1185 1414 1272 1454 noli
1289 1414 1356 1453 !--

144 1478 382 1518 Stultitiam
403 1481 625 1532 patiuntur
644 1493 768 1532 opes;
802 1481 876 1521 tibi
897 1481 1079 1533 parvula
1097 1493 1163 1519 res
1183 1488 1271 1530 est;

144 1544 248 1583 Arta
269 1544 389 1583 decet
410 1558 566 1584 sanum
586 1546 785 1585 comitem
806 1553 928 1598 toga;
961 1545 1108 1584 desine
1130 1556 1300 1583 mecum
1440 1543 1499 1584 30

145 1609 327 1648 Certare.
389 1610 661 1662 Eutrapelus,
683 1611 926 1662 cuicunque
946 1622 1096 1650 nocere
1116 1609 1297 1660 volebat,

143 1673 407 1713 Vestimenta
428 1674 558 1714 dabat
579 1676 782 1726 pretiosa:
813 1676 964 1714 beatus
983 1674 1099 1714 enim
1113 1675 1203 1727 jam

144 1738 258 1780 Cum
280 1739 468 1791 pulchris
490 1740 645 1778 tunicis
667 1738 808 1779 sume't
828 1752 941 1778 nova
960 1739 1138 1779 consilia
1157 1745 1199 1778 et
1219 1751 1327 1792 spes,

144 1803 337 1843 Dormiet
357 1804 400 1843 in
423 1804 575 1854 lucem,
598 1811 733 1843 scorto
753 1811 975 1856 postponet
996 1804 1227 1844 honestum

144 1868 360 1919 Officium,
383 1882 583 1909 nummos
604 1869 766 1909 alienos
786 1869 1057 1922 pascet‚—ad
1078 1870 1216 1909 imum
1438 1869 1496 1910 35

143 1934 297 1975 Threx
317 1935 396 1974 erit
416 1943 491 1975 aut
511 1935 669 1974 olitoris
689 1941 787 1987 aget
806 1934 999 1975 mercede
1019 1935 1249 1976 caballum.

143 2000 364 2039 Arcanum
385 2013 524 2052 neque
545 2006 591 2040 tu
613 2000 866 2040 scrutaberis
887 2000 1001 2039 illius
1022 2013 1230 2053 unquam,

144 2065 519 2117 Commissumque
541 2072 656 2118 teges
676 2073 718 2105 et
737 2066 840 2105 vino
862 2073 994 2105 tortus
1014 2073 1056 2105 et
1076 2066 1149 2105 ira.

143 2130 234 2171 Nec
255 2137 330 2170 tua
353 2130 548 2170 laudabis
570 2130 711 2170 studia
732 2138 808 2170 aut
829 2131 968 2170 aliena
988 2131 1225 2184 reprendes,

143 2195 245 2246 Nec,
267 2208 368 2235 cum
389 2196 535 2235 venari
557 2196 670 2235 volet
690 2196 770 2247 ille,
793 2205 989 2248 poemata
1009 2209 1183 2249 panges.
1434 2194 1492 2235 40

143 2261 293 2302 Gratia
312 2261 373 2302 sic
392 2260 571 2302 fratrum
591 2262 872 2315 geminorum,
893 2262 1148 2315 Amphionis
1168 2268 1298 2314 atque

507 2413 546 2446 E.
561 2414 651 2446 xviii.
669 2413 721 2446 19.
744 2413 867 2446 docilis.
954 2412 1009 2445 37.
1031 2412 1137 2445 ullim.
