1650 2730
520 194 732 229 1.an
798 192 1066 229 emm·
1394 179 1467 232 8'1‘

367 299 454 342 Vix
472 299 687 353 illigatum
705 306 747 340 te
764 298 942 340 trifomxi

425 365 617 419 Pegasus
635 363 832 419 expediet
850 364 1093 406 Chimaera.

549 728 787 770 GARMEN
823 728 1033 768 XXVIII.

618 859 974 887 ARCHYTAS.

179 974 249 1017 '1⁸0
267 975 397 1016 maris
415 982 458 1015 et
476 982 607 1016 terrae
626 988 889 1028 numeroque
908 975 1091 1016 carentis
1115 987 1266 1018 arenae

294 1040 534 1080 Mensorem
552 1041 762 1092 cohibent,
783 1041 988 1094 Archyta,

182 1104 378 1146 Pulveris
396 1105 543 1157 exigui
562 1118 688 1158 prope
708 1106 810 1146 litus
828 1119 961 1158 parva
981 1106 1199 1146 Matinum

296 1169 487 1219 Munera,
509 1181 589 1208 nec
608 1170 847 1222 quidquam
867 1172 942 1211 tibi
962 1171 1132 1223 prodest

185 1234 335 1275 Aerias
355 1239 539 1273 tentasse
559 1233 718 1284 domos,
740 1235 968 1286 animoque
987 1234 1221 1275 rotundum
1442 1232 1474 1276 ὅ

295 1298 555 1339 Percurrisse
574 1298 732 1351 polum,
753 1299 986 1339 morituro‘.1

186 1363 354 1405 Occidit
372 1370 415 1403 et
434 1362 601 1415 Pelopis
621 1364 794 1416 genitor,
814 1357 999 1404 conviva
1018 1363 1207 1415 deorum,

296 1428 599 1479 Tithonusque
619 1435 805 1468 remotus
824 1429 870 1469 in
890 1442 1029 1479 auras,

188 1493 246 1534 Et
264 1493 383 1534 Jovis
402 1493 568 1533 arcanis
588 1493 731 1532 Minos
751 1493 978 1545 admissus,
999 1494 1245 1547 habentque

296 1558 480 1603 Tartara
498 1557 767 1598 Panthoiden
787 1559 942 1599 iterum
961 1559 1072 1599 Orco
1419 1557 1475 1599 10

188 1622 447 1674 Demissum‚
467 1623 679 1675 quamvis,
700 1623 851 1676 clypeo
871 1624 1062 1677 Trojana
1079 1623 1214 1664 refixo

297 1688 513 1741 Tempora
531 1695 721 1738 testatus,
741 1688 849 1728 nihil
869 1688 982 1729 ultra

187 1752 350 1795 Nervos
369 1759 498 1806 atque
516 1760 662 1794 cutem
679 1754 804 1794 morti
822 1760 1090 1795 concesserat
1109 1760 1239 1806 atrae,

298 1818 449 1859 Judice
469 1825 510 1859 te
530 1831 618 1859 non
637 1819 833 1860 sordidus
852 1826 1001 1860 auctor

188 1883 377 1951 Naturae
395 1885 586 1937 verique.
644 1884 731 1926 Sed
750 1898 900 1926 omnes
918 1897 1009 1926 una
1027 1891 1175 1926 manet
1192 1897 1281 1958 nox
1421 1884 1475 1925 15

299 1948 359 1989 Et
376 1948 587 1990 calcanda
606 1950 737 1990 semel
756 1950 830 1990 via
848 1950 933 1990 leti.

192 2012 310 2054 Dant
328 2013 434 2054 alios
453 2015 611 2055 Furiae
631 2022 749 2055 torvo
770 2015 1016 2068 spectacula
1035 2014 1187 2055 Marti:

301 2078 447 2120 Exitio
464 2087 528 2120 est
547 2080 727 2120 avidum
746 2093 863 2120 mare
882 2080 1027 2120 nautis
1043 2094 1053 2132 3

193 2142 333 2184 mixta
351 2156 504 2186 senum
522 2158 574 2185 ac
588 2147 801 2199 juvenum
820 2145 1053 2186 densentur
1069 2144 1245 2197 funera5
1266 2143 1438 2186 nullum

304 2208 445 2250 Saeva
462 2217 592 2263 caput
610 2211 861 2263 Proserpina
879 2210 1000 2263 fugit.
1420 2207 1479 2248 20

195 2271 267 2313 Me
284 2285 455 2324 quoque
473 2274 628 2315 devexi
647 2275 821 2328 rapidus
840 2288 983 2316 comos
1004 2274 1185 2326 Orionis,

303 2336 485 2389 Illyricis
502 2339 641 2380 Notus
659 2340 797 2380 obruit
814 2340 954 2380 undis.

386 2465 425 2498 G.
440 2468 551 2499 xxviii.
567 2468 620 2500 18.
641 2468 755 2501 avid’n.
973 2469 1023 2501 19.
1044 2467 1228 2500 demun.
