1612 2716
535 136 748 171 mr.
811 137 955 170 s.1n.
1326 120 1422 173 1⁷9

78 242 265 284 Naribus
283 241 438 283 horum
455 240 710 292 hominum;
741 238 865 280 rideri
884 239 1018 292 possit
1034 250 1097 291 eo,
1117 237 1235 292 quod
1365 237 1424 280 3⁰

79 306 297 348 Rusticius
318 313 439 346 tonso
458 312 558 358 toga
578 304 739 355 defluit,
759 311 802 344 et
821 304 933 345 male
954 304 1083 344 laxus
1237 286 1266 315 ⁸

78 363 136 413 In‘
150 371 256 425 pede
276 371 447 412 calceus
467 370 612 410 haeret
629 384 638 410 :
669 376 714 410 at
733 376 797 410 est
815 370 965 421 bonus,
987 375 1036 410 ut
1053 367 1202 409 melior
1220 368 1287 408 vir

78 435 177 477 Non
197 435 308 476 alius
328 435 569 488 quisquam,
594 441 638 474 at
659 434 734 474 tibi
753 434 929 486 amicus,
946 441 991 474 at
1009 433 1233 486 ingenium
1252 433 1408 486 ingens

79 501 248 541 Inculto
269 501 371 540 latet
391 500 471 540 hoc
492 500 575 540 sub
593 512 775 552 corpore.
835 499 1034 552 Denique
1055 505 1095 538 te
1115 499 1258 551 ipsum

81 566 284 616 concute,
305 577 413 605 num
432 577 520 617 qua
541 564 615 604 tibi
635 565 835 604 vitiorum
854 563 1056 604 inseverit
1074 563 1179 603 olim
1371 560 1429 603 35

81 629 247 671 Natura
265 636 342 670 aut
360 629 490 669 etiam
505 629 769 669 consuetudo
788 628 905 669 mala
920 643 929 676 ;
961 640 1151 681 namque

81 695 295 748 Neglectis
315 693 478 735 urenda
498 694 593 734 filix
614 694 849 734 innascitur
868 694 994 747 agris.

81 758 191 801 Illuc
211 766 538 812 praevertamus,
559 767 795 800 amatorem
814 759 932 812 quod
952 759 1118 799 amicae

81 825 249 878 Turpia
267 825 486 878 decipiunt
505 837 685 864 caecum
705 825 821 876 vitia,
842 832 918 864 aut
937 825 1070 864 etiam
1089 824 1183 877 ipsa
1201 822 1311 863 haec

83 890 320 942 Delectant,
341 890 474 931 veluti
495 890 727 930 Balbinum
746 890 929 943 polypus
950 890 1144 943 Hagnae.
1374 886 1433 928 40

84 954 248 994 Vellem
267 955 312 994 in
333 955 522 995 amicitia
542 955 603 994 sic
623 967 859 995 erraremus
880 962 922 995 et
941 955 1012 994 isti

84 1017 227 1059 Errori
247 1030 402 1058 nomen
422 1019 557 1059 virtus
577 1020 788 1071 posuisset
806 1020 1051 1059 honestum.

85 1083 143 1123 At
163 1088 281 1134 pater
301 1088 349 1121 ut
367 1083 497 1135 gnati,
520 1084 580 1122 sic
600 1096 678 1122 nos
699 1083 906 1123 debemus
925 1082 1067 1133 amici,

85 1147 133 1188 Si
153 1146 268 1199 quod
288 1146 342 1186 sit
360 1147 528 1198 vitium,
549 1160 637 1187 non
657 1146 868 1187 fastidire:
900 1148 1143 1187 strabonem

85 1211 284 1264 Appellat
303 1218 479 1264 paetum
498 1218 640 1264 pater:
670 1218 713 1251 et
734 1212 916 1264 pullum,
937 1212 1050 1251 male
1070 1222 1230 1264 parvus
1376 1208 1434 1250 45

86 1277 134 1318 Si
153 1278 224 1318 cui
246 1277 362 1317 filius
382 1283 456 1327 est,
478 1284 526 1316 ut
545 1277 764 1316 abortivus
783 1276 866 1316 fuit
885 1276 988 1316 olim

86 1342 326 1395 Sisyphus:
356 1342 475 1382 hunc
506 1354 658 1382 varum
690 1341 875 1381 distortis
894 1341 1113 1381 cruribus:
1143 1339 1270 1381 inum

87 1406 280 1448 Balbutit
299 1419 502 1446 scaurum
532 1406 677 1459 pravis
696 1405 855 1446 fultum
874 1406 988 1446 male
1007 1405 1117 1445 talis.
1147 1416 1158 1423 ·

87 1471 264 1512 Parcius
283 1471 354 1511 hic
374 1471 482 1511 vivit
499 1485 508 1511 z
538 1470 651 1524 frugi
671 1470 848 1511 dicatur.
907 1471 1085 1524 Ineptus

88 1535 149 1577 Et
162 1536 388 1590 jactantior
407 1535 478 1575 hic
498 1535 643 1588 paullo
664 1535 762 1576 est?
791 1536 1029 1576 concinnus
1049 1534 1199 1575 amicis
1379 1531 1437 1574 50

88 1598 283 1642 Postulat
303 1607 352 1641 ut
370 1600 578 1640 videatur.
636 1601 694 1640 At
713 1607 778 1640 est
797 1600 1085 1651 truculentior,
1107 1605 1238 1651 atque

89 1665 195 1706 Plus
215 1678 352 1718 aequo
372 1665 498 1705 liber:
530 1665 714 1718 simplex
733 1664 936 1717 fortisque
955 1665 1189 1716 habeatu13

90 1730 262 1771 Caldjor
281 1736 344 1769 est
361 1743 370 1770 :
401 1742 519 1769 acres
539 1730 648 1770 inter
666 1736 924 1770 numeretur.
983 1728 1156 1781 Opinor,

90 1795 210 1835 Haec
230 1807 296 1835 res
315 1800 358 1834 et
370 1794 524 1848 jungit,
539 1795 711 1848 junctos
731 1801 773 1834 et
792 1800 935 1833 servat
954 1794 1128 1834 amicos.

91 1860 149 1899 At
167 1872 244 1900 nos
264 1860 441 1899 virtutes
461 1859 576 1911 ipsas
597 1860 848 1899 invertimus
868 1864 997 1911 atque
1378 1858 1435 1899 55

92 1923 318 1964 Sincerum
337 1923 536 1975 cupimus
555 1935 634 1962 vas
654 1923 900 1977 incrustare.
960 1922 1124 1962 Probus
1143 1922 1242 1974 quis

92 1986 327 2028 Nobiscum
346 1988 463 2038 vivit,
485 1986 671 2026 multum
691 1986 902 2026 demissus
923 1987 1075 2026 homo:
1105 1986 1167 2026 illi

94 2049 240 2090 Tardo
259 2063 493 2103 cognomen
521 2050 670 2104 pingui
690 2050 857 2091 damus.
915 2050 999 2091 Hic
1018 2050 1130 2104 fugit
1148 2063 1297 2092 omnes

94 2113 278 2155 Insidias
297 2115 489 2167 nullique
509 2115 624 2155 malo
644 2115 758 2156 latus
777 2115 895 2156 obdit
914 2122 1120 2168 apertum,

95 2178 209 2218 Cum
229 2190 363 2229 genus
381 2178 463 2217 hoc
482 2179 590 2219 inter
609 2180 722 2220 vitae
743 2187 941 2231 versetur,
964 2180 1038 2220 ubi
1057 2180 1166 2220 acris
1380 2179 1437 2219 60

96 2241 266 2282 Invidia
284 2248 412 2293 atque
432 2241 578 2294 vigent
598 2244 671 2283 ubi
690 2245 892 2284 crimina:
924 2258 997 2298 pro
1017 2245 1125 2285 bene
1146 2256 1252 2285 sano

96 2307 161 2347 Ac
181 2318 267 2346 non
287 2306 470 2356 incauto,
491 2305 642 2346 fictum
660 2314 939 2361 astutumque
958 2321 1179 2349 vocamus.

128 2414 182 2448 35.
205 2425 282 2447 num
296 2415 354 2446 tibi
369 2414 453 2454 quid.
539 2415 592 2448 40.
616 2415 744 2457 Agnae.
832 2417 884 2450 57.
906 2418 1040 2450 multum
1056 2417 1211 2448 demi-ua
1225 2415 1321 2447 homo
1335 2413 1407 2447 ille:
