1650 2730
592 618 642 670 Q.
680 616 920 666 HORATII
956 614 1159 664 FLAOGI

527 762 586 826 E
653 762 710 826 P
780 761 839 825 O
907 761 972 823 D
1041 759 1100 824 Ο
1168 757 1233 822 Ν

787 920 982 963 LIBER.

726 1165 969 1209 GARMEN
1010 1164 1044 1206 L

518 1333 520 1335 ,
594 1308 670 1336 ΔΙ)
713 1304 1174 1336 ΜΑΕΟΕΝΔΤΕΜ.

375 1436 476 1477 Ims
491 1434 693 1476 Liburnis
705 1435 813 1474 inter
832 1433 921 1474 alta
939 1433 1132 1484 navium,

431 1502 591 1551 Amice,
614 1498 947 1553 propugnacula,

374 1567 557 1606 Paratus
578 1578 704 1605 omne
725 1564 922 1605 Caesaris
942 1561 1181 1617 periculum

431 1632 593 1682 Subire,
615 1631 858 1682 Maecena,
879 1635 966 1670 tun·

375 1696 497 1741 Quid
519 1709 609 1746 nOS,
631 1695 789 1747 quibus
809 1700 850 1733 te
870 1693 960 1733 vita
978 1693 1016 1732 si
1036 1691 1260 1744 superstite

431 1761 456 1802 J
459 1759 646 1810 ucunda,
667 1759 703 1798 si
723 1764 880 1809 contra,
902 1757 1044 1810 gravis
1056 1757 1077 1797 ’,ἰ

376 1826 587 1870 Utrumne
601 1824 711 1878 jussi
730 1834 1036 1875 persequemur
1054 1821 1202 1874 otium,

431 1890 529 1931 Non
550 1889 687 1940 dulce,
708 1889 754 1928 ni
773 1894 918 1928 tecum
937 1887 1078 1938 simul,

374 1957 446 1998 An
466 1957 583 1996 hunc
604 1955 793 1995 laborem
812 1959 954 1994 mente
974 1952 1114 2003 laturi,
1136 1951 1259 1993 decet

431 2022 537 2066 Qua
557 2019 662 2060 ferre
681 2031 768 2059 non
787 2017 936 2058 molles
955 2017 1068 2057 viros
1082 2017 1102 2058 ’.ῑ

377 2087 596 2136 Feremus,
617 2091 660 2125 et
678 2091 719 2125 te
739 2083 809 2124 vel
828 2096 902 2136 per
920 2082 1098 2135 Alpium
1111 2083 1230 2136 juga,

432 2150 742 2203 Inhospitalem
761 2155 803 2189 et
823 2148 1082 2198 Caucasum,

376 2216 455 2258 Vel
478 2215 724 2257 Occidentis
745 2226 882 2266 usque
903 2212 959 2253 ad
979 2213 1182 2253 ultimum
1202 2212 1359 2262 sinum,

435 2281 552 2322 Forti
573 2292 801 2333 sequemur
819 2285 996 2332 pectore.

371 2347 532 2400 -Roges,
553 2352 679 2386 tuum
698 2344 840 2385 labore
864 2343 965 2396 quid
980 2345 1133 2398 juvem
1151 2354 1257 2393 mec),

430 2478 470 2511 ο.
481 2480 502 2510 i.
516 2480 549 2510 4.
573 2478 630 2515 mi,
644 2475 684 2508 ae
695 2475 780 2518 conj.
910 2475 942 2507 5.
965 2475 1017 2505 ait.
1151 2472 1202 2505 ιο.
1227 2471 1342 2510 Qum

1505 2013 1561 2055 10

1504 2337 1560 2379 15
