1650 2730
750 168 1015 201 OARMDTUM

702 357 940 397 GARMEN
980 357 1079 397 VII.

646 485 724 513 AD
767 486 1141 516 POMPEIUM.

426 604 466 646 O
488 617 614 658 saepe
634 618 807 646 mecum
827 611 994 659 tempus
1014 606 1059 646 in
1078 606 1284 660 ultimum

424 670 632 722 Deducte‚
653 672 784 712 Bruto
804 671 982 712 militiae
1000 671 1121 724 duce,

483 737 598 782 Quis
618 742 659 777 te
678 737 899 777 redonavit
919 738 1135 783 Quiritem

537 803 616 843 Dis
635 803 782 856 patriis
802 803 996 856 Italoque
1017 804 1144 856 coelo,

424 935 601 988 Pompei
619 947 812 976 meorum
831 934 964 988 prime
985 933 1230 976 sodalium?

427 1001 542 1042 Cum
562 1014 648 1054 quo
667 1007 905 1042 morantem
925 1013 1051 1054 saepe
1071 1000 1187 1042 diem
1204 1013 1321 1042 mero

480 1067 619 1120 Fregi,
640 1073 866 1107 coronatus
886 1067 1069 1107 nitentes

536 1132 805 1173 Malobathro
824 1132 951 1185 Syrio
970 1130 1158 1185 capillos.

423 1262 594 1303 Tecum
613 1262 833 1316 Philippos
852 1268 894 1303 et
913 1262 1094 1303 celerem
1111 1261 1264 1316 fugam

424 1327 560 1380 Sensi,
581 1328 727 1369 relicta
746 1341 833 1368 non
852 1329 960 1368 bene
980 1328 1188 1381 parmula,

481 1394 596 1434 Cum
617 1393 751 1434 fracta
770 1394 917 1444 virtus,
940 1400 981 1433 et
1000 1394 1190 1434 minaces

535 1459 684 1511 Turpe
704 1458 845 1498 solum
864 1459 1037 1511 tetigere
1060 1464 1215 1498 mento.

425 1586 511 1628 Sed
531 1600 600 1627 me
619 1600 693 1640 per
710 1588 855 1628 hostes
875 1587 1113 1628 Mercurius
1133 1587 1245 1629 celer

423 1652 571 1692 Denso
590 1659 820 1705 paventem
840 1652 1013 1693 sustulit
1033 1660 1151 1694 ae're:

477 1718 546 1758 Te
566 1731 712 1758 rursus
732 1718 778 1758 in
796 1718 959 1758 bellum
978 1718 1196 1759 resorbens

533 1782 664 1823 Unda
684 1782 799 1823 fretis
819 1783 917 1823 tulit
936 1784 1157 1824 aestuosis.

422 1911 538 1965 Ergo
557 1913 790 1966 obligatam
809 1914 938 1954 redde
960 1915 986 1955 J
987 1915 1057 1955 ovi
1076 1914 1244 1968 dapem,

421 1977 658 2031 Longaque
677 1978 840 2020 fessum
860 1980 1013 2021 militia
1032 1981 1146 2020 latus

476 2043 654 2095 Depone
676 2045 755 2085 sub
774 2045 901 2085 lauru
919 2035 1028 2096 mea,
1049 2058 1129 2085 nec

531 2109 664 2150 Parce
683 2110 803 2150 cadis
823 2111 898 2151 tibi
918 2110 1150 2152 destinatis.

420 2237 640 2280 oblivioso
660 2239 772 2279 levia
793 2240 979 2280 Massico

423 2305 593 2345 Ciboria
612 2305 746 2357 exple,
769 2304 902 2345 funde
922 2305 1152 2358 capacibus

357 2363 360 2367 ’
477 2370 709 2423 Unguenta
729 2370 781 2410 de
801 2370 986 2410 conchis.
1048 2371 1162 2415 Quis
1183 2372 1271 2413 udo

532 2430 817 2490 Deproperare
837 2436 933 2489 apio
952 2448 1127 2476 coronas

1507 1328 1563 1370 10

1506 1719 1559 1761 15
