1612 2716
125 156 232 204 296·
561 166 629 198 mn
661 165 790 198 ARTE
821 163 1038 197 Pomm.

178 272 360 325 Fingere
379 269 578 311 cinctutis
598 281 685 309 non
705 267 912 308 exaudita
933 268 1134 322 Cethegis
1401 270 1469 312 ,ου

178 337 416 389 Continget,
438 335 691 387 dabiturque
713 334 884 374 licentia
905 340 1077 386 sumpta
1097 332 1306 387 pudenter

178 403 236 443 Et
256 414 369 442 nova
388 400 573 452 fictaque
594 412 730 452 nuper
749 399 970 439 habebunt
990 399 1119 439 verba
1138 398 1280 450 fidem,
1302 401 1339 440 si

179 468 340 508 Graeco
360 465 474 506 fonte
494 465 660 515 cadent,
682 477 806 516 parce
827 463 1001 503 detorta.
1059 463 1182 509 Quid
1202 470 1348 506 autem

178 531 364 573 Caecilio
385 530 623 582 Plautoque
645 529 763 569 dabit
782 529 1018 580 Romanus,
1040 529 1291 582 ademptum

177 596 351 650 Virgilio
371 595 583 647 Varioque
595 595 614 634 ’.ῑ
672 595 769 647 Ego
789 607 876 644 cur,
898 594 1114 646 acquirere
1135 607 1276 647 pauca
1415 597 1471 637 55

177 662 223 703 Si
244 673 430 715 possum,
452 659 654 710 invideor,
675 672 778 699 cum
798 659 947 711 lingua
969 659 1145 699 Catonis
1166 666 1208 699 et
1227 659 1346 701 Enni

177 728 427 769 Sermonem
446 725 631 778 patrium
651 724 848 764 ditaverit
868 730 910 763 et
929 736 1043 764 nova
1063 737 1205 764 rerum

177 793 364 834 Nomina
382 790 632 844 protulerit?
690 789 834 830 Licuit
855 801 1105 841 semperque
1126 789 1279 842 licebit,

177 858 405 910 Signatum
425 861 645 908 praesente
665 861 768 894 nota
787 853 1019 906 producere
1038 866 1210 895 nomen.

176 923 235 963 Ut
255 922 388 962 silvae
408 920 518 961 foliis
538 933 691 974 pronos
710 925 935 959 mutantur
954 918 1000 959 in
1020 931 1168 971 annos,
1414 920 1472 962 60

176 987 321 1027 Prima
341 986 502 1026 cadunt
520 1000 528 1026 :
559 986 619 1026 ita
639 986 866 1025 verborum
885 991 1011 1025 vetus
1031 985 1172 1025 interit
1191 991 1321 1038 aetas,

177 1052 237 1092 Et
250 1053 463 1105 juvenum
483 1051 567 1091 ritu
586 1051 738 1091 florent
757 1050 884 1090 modo
903 1056 1008 1090 nata
1027 1050 1272 1103 vigentque.

178 1117 395 1156 Debemur
415 1116 539 1155 morti
559 1128 637 1155 nos
657 1122 910 1168 nostraque:
942 1115 1032 1155 sive
1052 1122 1246 1169 receptus

176 1181 312 1221 Terra
332 1181 561 1233 Neptunus
581 1180 740 1220 classes
761 1180 1046 1232 Aquilonibus
1067 1187 1192 1232 arcet,

176 1247 306 1299 Regis
326 1259 444 1298 opus,
467 1246 672 1286 sterilisve
693 1245 768 1286 diu
789 1246 915 1299 palus
937 1252 1124 1299 aptaque
1144 1246 1271 1287 remis
1414 1246 1470 1288 65

177 1312 350 1352 Vicinas
371 1312 496 1351 urbes
517 1312 594 1351 alit
613 1318 654 1351 et
675 1324 805 1364 grave
826 1312 956 1351 sentit
976 1318 1178 1363 aratrum,

176 1378 264 1419 Seu
284 1390 460 1418 cursum
482 1377 667 1417 mutavit
687 1378 886 1430 iniquum
906 1377 1102 1430 frugibus
1122 1378 1274 1429 amnis,

177 1442 341 1482 Doctus
362 1443 438 1484 iter
458 1442 635 1494 melius3
668 1443 865 1482 mortalia
884 1441 998 1482 facta
1018 1442 1226 1494 peribunt,

176 1508 350 1548 Nedum
370 1521 614 1547 sermonum
635 1514 716 1547 stet
735 1509 871 1547 honos
891 1514 933 1547 et
953 1508 1089 1561 gratia
1108 1507 1254 1547 vivax.

177 1572 317 1612 Multa
339 1580 624 1624 renascentur,
647 1586 758 1625 quae
773 1575 865 1626 jam
884 1573 1084 1623 cecidere,
1106 1572 1346 1624 cadentque
1413 1572 1470 1613 '70

177 1638 305 1682 Quae
323 1651 439 1678 nunc
460 1645 561 1678 sunt
580 1639 625 1678 in
646 1639 813 1689 honore,
835 1638 1057 1688 vocabula,
1080 1638 1116 1677 si
1136 1637 1250 1677 volet
1270 1649 1386 1688 usus,

177 1702 324 1745 Quem
343 1715 472 1754 penes
493 1703 715 1742 arbitrium
734 1707 801 1741 est·
817 1709 858 1742 et
872 1704 943 1755 jus
964 1708 1005 1740 et
1025 1714 1174 1741 norma
1194 1701 1408 1754 loquendi.

176 1766 262 1806 Res
283 1773 426 1818 gestae
446 1779 681 1818 regumque
703 1766 950 1818 ducumque
971 1772 1012 1805 et
1034 1766 1168 1806 tristia
1189 1766 1303 1806 bella

176 1831 280 1876 Quo
301 1830 424 1870 scribi
444 1837 615 1882 possent
635 1843 823 1881 numero,
846 1831 1099 1870 monstravit
1120 1832 1346 1872 Homerus,

177 1894 378 1935 Versibus
399 1895 611 1946 impariter
625 1896 786 1948 junctis
806 1896 1072 1947 querimonia
1092 1896 1291 1949 primum,
1414 1897 1471 1939 '75

177 1959 278 2000 Post
296 1960 427 2000 etiam
447 1960 614 2000 inclusa
634 1967 698 2000 est
718 1961 803 2000 voti
825 1961 1034 2000 sententia
1054 1973 1238 2013 compos.

177 2023 291 2068 Quis
311 2030 458 2064 tamen
478 2037 657 2077 exiguos
678 2025 819 2077 elegos
839 2025 1022 2065 emiserit
1043 2033 1199 2077 auctor,

178 2089 455 2128 Grammatici
477 2095 639 2130 certant
659 2096 700 2129 et
719 2090 862 2129 adhuc
884 2091 964 2130 sub
979 2091 1124 2144 judice
1145 2091 1197 2131 lis
1218 2098 1294 2132 est.

178 2153 485 2194 Archilochum
505 2155 668 2207 proprio
688 2155 825 2195 rabies
846 2156 1029 2195 armavit
1050 2157 1216 2197 iambo:

177 2217 307 2258 Hunc
328 2219 439 2258 socci
459 2231 604 2271 cepere
625 2219 775 2271 pedem
796 2220 1062 2272 grandesque
1082 2221 1293 2274 cothumi‚
1413 2220 1471 2264 80

181 2283 367 2324 Alternis
387 2291 536 2336 aptum
557 2285 833 2336 sermonibus,
855 2292 896 2325 et
916 2287 1141 2339 populares

350 2432 404 2465 5³.
418 2432 555 2466 cadant.
599 2477 601 2479 q
643 2433 695 2465 59.
719 2434 902 2472 procudere.
993 2435 1044 2467 62.
1067 2436 1243 2484 virentque.
