<?xml version="1.0" encoding="UTF-8"?>
<!DOCTYPE html PUBLIC "-//W3C//DTD XHTML 1.0 Transitional//EN"
    "http://www.w3.org/TR/xhtml1/DTD/xhtml1-transitional.dtd">
<html xmlns="http://www.w3.org/1999/xhtml" xml:lang="en" lang="en">
 <head>
  <title>
</title>
<meta http-equiv="Content-Type" content="text/html;charset=utf-8" />
  <meta name='ocr-system' content='tesseract 3.04.00' />
  <meta name='ocr-capabilities' content='ocr_page ocr_carea ocr_par ocr_line ocrx_word'/>
</head>
<body>
  <div class='ocr_page' id='page_1' title='image "./workswithenglis00horauoft_0166.png"; bbox 0 0 1650 2730; ppageno 0'>
   <div class='ocr_carea' id='block_1_1' title="bbox 229 196 323 247">
    <p class='ocr_par' dir='ltr' id='par_1_1' title="bbox 229 196 323 247">
     <span class='ocr_line' id='line_1_1' title="bbox 229 196 323 247; baseline -0.011 0"><span class='ocrx_word' id='word_1_1' title='bbox 229 196 323 247; x_wconf 75' lang='lat'>122</span> 
     </span>
    </p>
   </div>
   <div class='ocr_carea' id='block_1_2' title="bbox 772 207 1039 241">
    <p class='ocr_par' dir='ltr' id='par_1_2' title="bbox 772 207 1039 241">
     <span class='ocr_line' id='line_1_2' title="bbox 772 207 1039 241; baseline -0.004 0"><span class='ocrx_word' id='word_1_2' title='bbox 772 207 1039 241; x_wconf 59' lang='lat' dir='ltr'>(nmmum</span> 
     </span>
    </p>
   </div>
   <div class='ocr_carea' id='block_1_3' title="bbox 505 302 1371 432">
    <p class='ocr_par' dir='ltr' id='par_1_3' title="bbox 505 302 1371 432">
     <span class='ocr_line' id='line_1_3' title="bbox 505 302 1371 354; baseline -0.002 -1"><span class='ocrx_word' id='word_1_3' title='bbox 505 313 801 354; x_wconf 83' lang='lat' dir='ltr'>Monstrumve</span> <span class='ocrx_word' id='word_1_4' title='bbox 821 302 1072 351; x_wconf 80' lang='lat' dir='ltr'>summisere</span> <span class='ocrx_word' id='word_1_5' title='bbox 1091 302 1244 352; x_wconf 81' lang='lat' dir='ltr'>Colchi</span> <span class='ocrx_word' id='word_1_6' title='bbox 1366 346 1371 349; x_wconf 89' lang='lat'>.</span> 
     </span>
     <span class='ocr_line' id='line_1_4' title="bbox 561 375 1245 432; baseline -0.003 -13"><span class='ocrx_word' id='word_1_7' title='bbox 561 378 716 432; x_wconf 75' lang='lat' dir='ltr'>MaJUS,</span> <span class='ocrx_word' id='word_1_8' title='bbox 738 376 1031 416; x_wconf 83' lang='lat' dir='ltr'>Echioniaeve</span> <span class='ocrx_word' id='word_1_9' title='bbox 1050 375 1245 417; x_wconf 83' lang='lat' dir='ltr'>Thebae.</span> 
     </span>
    </p>
   </div>
   <div class='ocr_carea' id='block_1_4' title="bbox 448 504 1576 755">
    <p class='ocr_par' dir='ltr' id='par_1_4' title="bbox 448 504 1576 755">
     <span class='ocr_line' id='line_1_5' title="bbox 449 504 1576 560; baseline -0.004 -11"><span class='ocrx_word' id='word_1_10' title='bbox 449 509 611 549; x_wconf 87' lang='lat' dir='ltr'>Merses</span> <span class='ocrx_word' id='word_1_11' title='bbox 629 504 864 560; x_wconf 86' lang='lat' dir='ltr'>profundo:</span> <span class='ocrx_word' id='word_1_12' title='bbox 894 505 1110 558; x_wconf 81' lang='lat' dir='ltr'><strong>pulchrior</strong></span> <span class='ocrx_word' id='word_1_13' title='bbox 1127 505 1271 546; x_wconf 82' lang='lat' dir='ltr'>evenit</span> <span class='ocrx_word' id='word_1_14' title='bbox 1282 519 1295 546; x_wconf 70' lang='grc' dir='ltr'><em>τ</em></span> <span class='ocrx_word' id='word_1_15' title='bbox 1520 504 1576 545; x_wconf 85' lang='grc'>65</span> 
     </span>
     <span class='ocr_line' id='line_1_6' title="bbox 448 571 1251 624; baseline -0.005 -10"><span class='ocrx_word' id='word_1_16' title='bbox 448 574 630 614; x_wconf 83' lang='lat' dir='ltr'>Luctere</span> <span class='ocrx_word' id='word_1_17' title='bbox 648 587 657 612; x_wconf 89' lang='lat'>:</span> <span class='ocrx_word' id='word_1_18' title='bbox 688 571 827 611; x_wconf 84' lang='lat' dir='ltr'>multa</span> <span class='ocrx_word' id='word_1_19' title='bbox 847 578 1015 624; x_wconf 89' lang='lat' dir='ltr'>proruet</span> <span class='ocrx_word' id='word_1_20' title='bbox 1035 571 1251 624; x_wconf 86' lang='lat' dir='ltr'>integrum</span> 
     </span>
     <span class='ocr_line' id='line_1_7' title="bbox 505 625 1262 689; baseline -0.004 -10"><span class='ocrx_word' id='word_1_21' title='bbox 505 638 620 679; x_wconf 85' lang='lat' dir='ltr'>Cum</span> <span class='ocrx_word' id='word_1_22' title='bbox 639 636 767 677; x_wconf 88' lang='lat' dir='ltr'>laude</span> <span class='ocrx_word' id='word_1_23' title='bbox 787 637 990 676; x_wconf 81' lang='lat' dir='ltr'>victorem</span> <span class='ocrx_word' id='word_1_24' title='bbox 1009 642 1210 689; x_wconf 84' lang='lat' dir='ltr'>geretque</span> <span class='ocrx_word' id='word_1_25' title='bbox 1259 625 1262 628; x_wconf 30' lang='lat'><strong>⁴</strong></span> 
     </span>
     <span class='ocr_line' id='line_1_8' title="bbox 560 699 1247 755; baseline -0.004 -11"><span class='ocrx_word' id='word_1_26' title='bbox 560 702 727 744; x_wconf 82' lang='lat' dir='ltr'>Proelia</span> <span class='ocrx_word' id='word_1_27' title='bbox 746 702 1000 755; x_wconf 89' lang='lat' dir='ltr'>conjugibus</span> <span class='ocrx_word' id='word_1_28' title='bbox 1019 699 1247 754; x_wconf 81' lang='lat' dir='ltr'>loquenda.</span> 
     </span>
    </p>
   </div>
   <div class='ocr_carea' id='block_1_5' title="bbox 451 831 1581 1079">
    <p class='ocr_par' dir='ltr' id='par_1_5' title="bbox 451 831 1581 1079">
     <span class='ocr_line' id='line_1_9' title="bbox 451 831 1211 885; baseline -0.004 -12"><span class='ocrx_word' id='word_1_29' title='bbox 451 831 703 885; x_wconf 86' lang='lat' dir='ltr'>Carthagini</span> <span class='ocrx_word' id='word_1_30' title='bbox 717 832 810 885; x_wconf 90' lang='lat' dir='ltr'>jam</span> <span class='ocrx_word' id='word_1_31' title='bbox 829 843 916 871; x_wconf 88' lang='lat' dir='ltr'>non</span> <span class='ocrx_word' id='word_1_32' title='bbox 936 843 1015 883; x_wconf 86' lang='lat' dir='ltr'>ego</span> <span class='ocrx_word' id='word_1_33' title='bbox 1035 831 1211 870; x_wconf 88' lang='lat' dir='ltr'>nuntios</span> 
     </span>
     <span class='ocr_line' id='line_1_10' title="bbox 451 888 1581 949; baseline -0.004 -10"><span class='ocrx_word' id='word_1_34' title='bbox 451 899 625 939; x_wconf 80' lang='lat' dir='ltr'><strong>Mittam</strong></span> <span class='ocrx_word' id='word_1_35' title='bbox 645 897 872 949; x_wconf 87' lang='lat' dir='ltr'>superbos:</span> <span class='ocrx_word' id='word_1_36' title='bbox 903 895 1069 946; x_wconf 84' lang='lat' dir='ltr'>occidit,</span> <span class='ocrx_word' id='word_1_37' title='bbox 1090 888 1247 935; x_wconf 73' lang='lat' dir='ltr'>oecidit</span> <span class='ocrx_word' id='word_1_38' title='bbox 1522 894 1581 936; x_wconf 86' lang='grc'>70</span> 
     </span>
     <span class='ocr_line' id='line_1_11' title="bbox 507 960 1178 1016; baseline -0.007 -11"><span class='ocrx_word' id='word_1_39' title='bbox 507 963 614 1016; x_wconf 89' lang='lat' dir='ltr'>Spes</span> <span class='ocrx_word' id='word_1_40' title='bbox 635 962 775 1002; x_wconf 83' lang='lat' dir='ltr'>omnis</span> <span class='ocrx_word' id='word_1_41' title='bbox 795 967 838 1001; x_wconf 92' lang='lat' dir='ltr'>et</span> <span class='ocrx_word' id='word_1_42' title='bbox 855 960 1026 1001; x_wconf 86' lang='lat' dir='ltr'>fortuna</span> <span class='ocrx_word' id='word_1_43' title='bbox 1046 961 1178 1000; x_wconf 84' lang='lat' dir='ltr'>nostri</span> 
     </span>
     <span class='ocr_line' id='line_1_12' title="bbox 564 1025 1350 1079; baseline -0.003 -11"><span class='ocrx_word' id='word_1_44' title='bbox 564 1027 774 1078; x_wconf 82' lang='lat' dir='ltr'>Nominis,</span> <span class='ocrx_word' id='word_1_45' title='bbox 794 1025 1067 1067; x_wconf 84' lang='lat' dir='ltr'>Hasdrubale</span> <span class='ocrx_word' id='word_1_46' title='bbox 1085 1026 1350 1079; x_wconf 87' lang='lat' dir='ltr'>interempto.</span> 
     </span>
    </p>
   </div>
   <div class='ocr_carea' id='block_1_6' title="bbox 452 1155 1583 1406">
    <p class='ocr_par' dir='ltr' id='par_1_6' title="bbox 452 1155 1583 1406">
     <span class='ocr_line' id='line_1_13' title="bbox 452 1155 1290 1209; baseline -0.002 -12"><span class='ocrx_word' id='word_1_47' title='bbox 452 1157 526 1198; x_wconf 86' lang='lat' dir='ltr'>Nil</span> <span class='ocrx_word' id='word_1_48' title='bbox 547 1156 755 1197; x_wconf 80' lang='lat' dir='ltr'>Claudiae</span> <span class='ocrx_word' id='word_1_49' title='bbox 775 1168 863 1196; x_wconf 93' lang='lat' dir='ltr'>non</span> <span class='ocrx_word' id='word_1_50' title='bbox 881 1155 1102 1209; x_wconf 86' lang='lat' dir='ltr'>perficient</span> <span class='ocrx_word' id='word_1_51' title='bbox 1119 1167 1290 1207; x_wconf 82' lang='lat' dir='ltr'>manus,</span> 
     </span>
     <span class='ocr_line' id='line_1_14' title="bbox 454 1220 1234 1274; baseline -0.003 -12"><span class='ocrx_word' id='word_1_52' title='bbox 454 1224 582 1268; x_wconf 76' lang='lat' dir='ltr'>Quas</span> <span class='ocrx_word' id='word_1_53' title='bbox 601 1228 643 1262; x_wconf 90' lang='lat' dir='ltr'>et</span> <span class='ocrx_word' id='word_1_54' title='bbox 662 1222 847 1274; x_wconf 88' lang='lat' dir='ltr'>benigno</span> <span class='ocrx_word' id='word_1_55' title='bbox 867 1220 1047 1261; x_wconf 86' lang='lat' dir='ltr'>numine</span> <span class='ocrx_word' id='word_1_56' title='bbox 1066 1220 1234 1273; x_wconf 85' lang='lat' dir='ltr'>Jupiter</span> 
     </span>
     <span class='ocr_line' id='line_1_15' title="bbox 513 1283 1583 1338; baseline -0.002 -11"><span class='ocrx_word' id='word_1_57' title='bbox 513 1287 728 1338; x_wconf 76' lang='lat' dir='ltr'>Defendit,</span> <span class='ocrx_word' id='word_1_58' title='bbox 749 1293 792 1326; x_wconf 94' lang='lat' dir='ltr'>et</span> <span class='ocrx_word' id='word_1_59' title='bbox 810 1298 939 1326; x_wconf 89' lang='lat' dir='ltr'>curae</span> <span class='ocrx_word' id='word_1_60' title='bbox 959 1297 1137 1338; x_wconf 83' lang='lat' dir='ltr'>sagaces</span> <span class='ocrx_word' id='word_1_61' title='bbox 1525 1283 1583 1326; x_wconf 79' lang='lat'>⁷5</span> 
     </span>
     <span class='ocr_line' id='line_1_16' title="bbox 565 1349 1197 1406; baseline -0.005 -13"><span class='ocrx_word' id='word_1_62' title='bbox 565 1351 821 1406; x_wconf 85' lang='lat' dir='ltr'>E&#39;xpediunt</span> <span class='ocrx_word' id='word_1_63' title='bbox 839 1364 914 1405; x_wconf 90' lang='lat' dir='ltr'>per</span> <span class='ocrx_word' id='word_1_64' title='bbox 933 1357 1063 1391; x_wconf 87' lang='lat' dir='ltr'>acuta</span> <span class='ocrx_word' id='word_1_65' title='bbox 1080 1349 1197 1392; x_wconf 87' lang='lat' dir='ltr'>belli.</span> 
     </span>
    </p>
   </div>
   <div class='ocr_carea' id='block_1_7' title="bbox 740 1681 1073 1722">
    <p class='ocr_par' dir='ltr' id='par_1_7' title="bbox 740 1681 1073 1722">
     <span class='ocr_line' id='line_1_17' title="bbox 740 1681 1073 1722; baseline -0.009 0"><span class='ocrx_word' id='word_1_66' title='bbox 740 1681 980 1722; x_wconf 82' lang='lat' dir='ltr'><strong>GARMEN</strong></span> <span class='ocrx_word' id='word_1_67' title='bbox 1022 1681 1073 1720; x_wconf 87' lang='lat' dir='ltr'>V.</span> 
     </span>
    </p>
   </div>
   <div class='ocr_carea' id='block_1_8' title="bbox 517 1800 1303 1829">
    <p class='ocr_par' dir='ltr' id='par_1_8' title="bbox 517 1800 1303 1829">
     <span class='ocr_line' id='line_1_18' title="bbox 517 1800 1303 1829; baseline 0 -1"><span class='ocrx_word' id='word_1_68' title='bbox 517 1802 588 1829; x_wconf 87' lang='lat' dir='ltr'>AD</span> <span class='ocrx_word' id='word_1_69' title='bbox 629 1802 933 1829; x_wconf 80' lang='lat' dir='ltr'>CAESAREM</span> <span class='ocrx_word' id='word_1_70' title='bbox 980 1800 1303 1828; x_wconf 69' lang='lat' dir='ltr'>AUGUSTUM.</span> 
     </span>
    </p>
   </div>
   <div class='ocr_carea' id='block_1_9' title="bbox 403 1906 1290 2151">
    <p class='ocr_par' dir='ltr' id='par_1_9' title="bbox 403 1906 1197 1959">
     <span class='ocr_line' id='line_1_19' title="bbox 403 1906 1197 1959; baseline -0.001 -12"><span class='ocrx_word' id='word_1_71' title='bbox 403 1907 527 1947; x_wconf 85' lang='lat' dir='ltr'>Divis</span> <span class='ocrx_word' id='word_1_72' title='bbox 547 1914 633 1948; x_wconf 92' lang='lat' dir='ltr'>orte</span> <span class='ocrx_word' id='word_1_73' title='bbox 652 1907 787 1958; x_wconf 89' lang='lat' dir='ltr'>bonis,</span> <span class='ocrx_word' id='word_1_74' title='bbox 808 1907 965 1959; x_wconf 90' lang='lat' dir='ltr'>optime</span> <span class='ocrx_word' id='word_1_75' title='bbox 985 1906 1197 1947; x_wconf 80' lang='lat' dir='ltr'>Romulae</span> 
     </span>
    </p>

    <p class='ocr_par' dir='ltr' id='par_1_10' title="bbox 403 1970 1290 2025">
     <span class='ocr_line' id='line_1_20' title="bbox 403 1970 1290 2025; baseline 0 -14"><span class='ocrx_word' id='word_1_76' title='bbox 403 1972 560 2011; x_wconf 84' lang='lat' dir='ltr'>Custos</span> <span class='ocrx_word' id='word_1_77' title='bbox 581 1974 731 2025; x_wconf 84' lang='lat' dir='ltr'>gentis,</span> <span class='ocrx_word' id='word_1_78' title='bbox 754 1973 857 2012; x_wconf 90' lang='lat' dir='ltr'>abes</span> <span class='ocrx_word' id='word_1_79' title='bbox 871 1973 963 2025; x_wconf 87' lang='lat' dir='ltr'>jam</span> <span class='ocrx_word' id='word_1_80' title='bbox 983 1972 1168 2012; x_wconf 87' lang='lat' dir='ltr'>nimium</span> <span class='ocrx_word' id='word_1_81' title='bbox 1188 1970 1290 2023; x_wconf 86' lang='lat' dir='ltr'>diu;</span> 
     </span>
    </p>

    <p class='ocr_par' dir='ltr' id='par_1_11' title="bbox 404 2036 1260 2151">
     <span class='ocr_line' id='line_1_21' title="bbox 404 2036 1260 2090; baseline -0.002 -13"><span class='ocrx_word' id='word_1_82' title='bbox 404 2037 626 2078; x_wconf 89' lang='lat' dir='ltr'>Maturum</span> <span class='ocrx_word' id='word_1_83' title='bbox 645 2037 829 2077; x_wconf 90' lang='lat' dir='ltr'>reditum</span> <span class='ocrx_word' id='word_1_84' title='bbox 849 2036 1061 2090; x_wconf 86' lang='lat' dir='ltr'>pollicitus</span> <span class='ocrx_word' id='word_1_85' title='bbox 1080 2036 1260 2076; x_wconf 89' lang='lat' dir='ltr'>Patrum</span> 
     </span>
     <span class='ocr_line' id='line_1_22' title="bbox 516 2100 1004 2151; baseline -0.004 -10"><span class='ocrx_word' id='word_1_86' title='bbox 516 2102 675 2142; x_wconf 87' lang='lat' dir='ltr'>Sancto</span> <span class='ocrx_word' id='word_1_87' title='bbox 693 2101 883 2151; x_wconf 86' lang='lat' dir='ltr'>concilio,</span> <span class='ocrx_word' id='word_1_88' title='bbox 904 2100 1004 2140; x_wconf 90' lang='lat' dir='ltr'>redi.</span> 
     </span>
    </p>
   </div>
   <div class='ocr_carea' id='block_1_10' title="bbox 404 2226 1586 2336">
    <p class='ocr_par' dir='ltr' id='par_1_12' title="bbox 404 2226 1586 2336">
     <span class='ocr_line' id='line_1_23' title="bbox 405 2226 1586 2281; baseline -0.002 -10"><span class='ocrx_word' id='word_1_89' title='bbox 405 2231 568 2272; x_wconf 88' lang='lat' dir='ltr'>Lucem</span> <span class='ocrx_word' id='word_1_90' title='bbox 587 2230 714 2270; x_wconf 90' lang='lat' dir='ltr'>redde</span> <span class='ocrx_word' id='word_1_91' title='bbox 734 2237 844 2281; x_wconf 88' lang='lat' dir='ltr'>tuae,</span> <span class='ocrx_word' id='word_1_92' title='bbox 866 2229 958 2269; x_wconf 87' lang='lat' dir='ltr'>dux</span> <span class='ocrx_word' id='word_1_93' title='bbox 978 2229 1099 2280; x_wconf 90' lang='lat' dir='ltr'>bone,</span> <span class='ocrx_word' id='word_1_94' title='bbox 1120 2228 1305 2281; x_wconf 88' lang='lat' dir='ltr'>patriae;</span> <span class='ocrx_word' id='word_1_95' title='bbox 1555 2226 1586 2269; x_wconf 72' lang='grc' dir='ltr'><strong>ὅ</strong></span> 
     </span>
     <span class='ocr_line' id='line_1_24' title="bbox 404 2294 1199 2336; baseline -0.004 0"><span class='ocrx_word' id='word_1_96' title='bbox 404 2297 545 2336; x_wconf 91' lang='lat' dir='ltr'>Instar</span> <span class='ocrx_word' id='word_1_97' title='bbox 562 2295 675 2335; x_wconf 86' lang='lat' dir='ltr'>veris</span> <span class='ocrx_word' id='word_1_98' title='bbox 694 2295 810 2334; x_wconf 82' lang='lat' dir='ltr'>enim</span> <span class='ocrx_word' id='word_1_99' title='bbox 831 2294 981 2334; x_wconf 80' lang='lat' dir='ltr'>vultus</span> <span class='ocrx_word' id='word_1_100' title='bbox 1002 2294 1076 2334; x_wconf 92' lang='lat' dir='ltr'>ubi</span> <span class='ocrx_word' id='word_1_101' title='bbox 1097 2300 1199 2334; x_wconf 82' lang='lat' dir='ltr'>tuus</span> 
     </span>
    </p>
   </div>
   <div class='ocr_carea' id='block_1_11' title="bbox 349 2419 1473 2508">
    <p class='ocr_par' dir='ltr' id='par_1_13' title="bbox 349 2419 1473 2508">
     <span class='ocr_line' id='line_1_25' title="bbox 349 2419 1473 2464; baseline -0.004 -7"><span class='ocrx_word' id='word_1_102' title='bbox 349 2425 402 2457; x_wconf 82' lang='lat'>65.</span> <span class='ocrx_word' id='word_1_103' title='bbox 427 2425 570 2464; x_wconf 73' lang='lat' dir='ltr'>Mersus5</span> <span class='ocrx_word' id='word_1_104' title='bbox 592 2425 689 2456; x_wconf 82' lang='lat' dir='ltr'>exiet.</span> <span class='ocrx_word' id='word_1_105' title='bbox 778 2423 831 2459; x_wconf 83' lang='lat'>66,</span> <span class='ocrx_word' id='word_1_106' title='bbox 848 2422 901 2459; x_wconf 80' lang='lat'>67,</span> <span class='ocrx_word' id='word_1_107' title='bbox 917 2423 968 2454; x_wconf 83' lang='lat'>73.</span> <span class='ocrx_word' id='word_1_108' title='bbox 992 2423 1125 2462; x_wconf 85' lang='lat' dir='ltr'>proruit,</span> <span class='ocrx_word' id='word_1_109' title='bbox 1139 2423 1292 2462; x_wconf 78' lang='lat' dir='ltr'>geritque,</span> <span class='ocrx_word' id='word_1_110' title='bbox 1303 2419 1473 2461; x_wconf 75' lang='lat' dir='ltr'>perficiunt</span> 
     </span>
     <span class='ocr_line' id='line_1_26' title="bbox 767 2475 1065 2508; baseline -0.007 0"><span class='ocrx_word' id='word_1_111' title='bbox 767 2475 804 2508; x_wconf 88' lang='lat' dir='ltr'>C.</span> <span class='ocrx_word' id='word_1_112' title='bbox 819 2486 850 2507; x_wconf 83' lang='lat' dir='ltr'>v.</span> <span class='ocrx_word' id='word_1_113' title='bbox 865 2476 898 2506; x_wconf 88' lang='lat'>4.</span> <span class='ocrx_word' id='word_1_114' title='bbox 921 2475 1065 2506; x_wconf 77' lang='lat' dir='ltr'>consilio.</span> 
     </span>
    </p>
   </div>
   <div class='ocr_carea' id='block_1_12' title="bbox 1335 0 1650 41">
    <p class='ocr_par' dir='ltr' id='par_1_14' title="bbox 1335 0 1650 41">
     <span class='ocr_line' id='line_1_27' title="bbox 1335 0 1650 41; baseline 0 2689"><span class='ocrx_word' id='word_1_115' title='bbox 1335 0 1650 41; x_wconf 95' lang='lat' dir='ltr'> </span> 
     </span>
    </p>
   </div>
  </div>
 </body>
</html>
