<?xml version="1.0" encoding="UTF-8"?>
<!DOCTYPE html PUBLIC "-//W3C//DTD XHTML 1.0 Transitional//EN"
    "http://www.w3.org/TR/xhtml1/DTD/xhtml1-transitional.dtd">
<html xmlns="http://www.w3.org/1999/xhtml" xml:lang="en" lang="en">
 <head>
  <title>
</title>
<meta http-equiv="Content-Type" content="text/html;charset=utf-8" />
  <meta name='ocr-system' content='tesseract 3.04.00' />
  <meta name='ocr-capabilities' content='ocr_page ocr_carea ocr_par ocr_line ocrx_word'/>
</head>
<body>
  <div class='ocr_page' id='page_1' title='image "./workswithenglis00horauoft_0341.png"; bbox 0 0 1612 2716; ppageno 0'>
   <div class='ocr_carea' id='block_1_1' title="bbox 584 189 1494 247">
    <p class='ocr_par' dir='ltr' id='par_1_1' title="bbox 584 189 1494 247">
     <span class='ocr_line' id='line_1_1' title="bbox 584 189 1494 247; baseline 0.007 -7"><span class='ocrx_word' id='word_1_1' title='bbox 584 205 655 240; x_wconf 73' lang='lat' dir='ltr'>nn</span> <span class='ocrx_word' id='word_1_2' title='bbox 685 205 817 241; x_wconf 73' lang='lat' dir='ltr'>Am</span> <span class='ocrx_word' id='word_1_3' title='bbox 846 205 1065 241; x_wconf 68' lang='lat' dir='ltr'>Pomm.</span> <span class='ocrx_word' id='word_1_4' title='bbox 1389 189 1494 247; x_wconf 70' lang='lat'>&#39;297</span> 
     </span>
    </p>
   </div>
   <div class='ocr_carea' id='block_1_2' title="bbox 201 310 1503 2315">
    <p class='ocr_par' dir='ltr' id='par_1_2' title="bbox 203 310 1276 365">
     <span class='ocr_line' id='line_1_2' title="bbox 203 310 1276 365; baseline -0.001 -11"><span class='ocrx_word' id='word_1_5' title='bbox 203 311 457 354; x_wconf 75' lang='lat' dir='ltr'><strong>Vincentem</strong></span> <span class='ocrx_word' id='word_1_6' title='bbox 475 310 685 363; x_wconf 86' lang='lat' dir='ltr'>strepitus,</span> <span class='ocrx_word' id='word_1_7' title='bbox 706 316 749 350; x_wconf 92' lang='lat' dir='ltr'>et</span> <span class='ocrx_word' id='word_1_8' title='bbox 767 316 920 352; x_wconf 89' lang='lat' dir='ltr'>natum</span> <span class='ocrx_word' id='word_1_9' title='bbox 939 311 1066 352; x_wconf 87' lang='lat' dir='ltr'>rebus</span> <span class='ocrx_word' id='word_1_10' title='bbox 1085 311 1276 365; x_wconf 79' lang='lat' dir='ltr'><strong>agendis.</strong></span> 
     </span>
    </p>

    <p class='ocr_par' dir='ltr' id='par_1_3' title="bbox 203 375 1253 429">
     <span class='ocr_line' id='line_1_3' title="bbox 203 375 1253 429; baseline 0 -11"><span class='ocrx_word' id='word_1_11' title='bbox 203 376 334 418; x_wconf 81' lang='lat' dir='ltr'>Musa</span> <span class='ocrx_word' id='word_1_12' title='bbox 351 375 468 417; x_wconf 80' lang='lat' dir='ltr'><strong>dedit</strong></span> <span class='ocrx_word' id='word_1_13' title='bbox 488 375 646 416; x_wconf 86' lang='lat' dir='ltr'>fidibus</span> <span class='ocrx_word' id='word_1_14' title='bbox 666 375 788 416; x_wconf 86' lang='lat' dir='ltr'>divos</span> <span class='ocrx_word' id='word_1_15' title='bbox 807 388 1046 429; x_wconf 88' lang='lat' dir='ltr'>puerosque</span> <span class='ocrx_word' id='word_1_16' title='bbox 1065 375 1253 429; x_wconf 90' lang='lat' dir='ltr'>deorum,</span> 
     </span>
    </p>

    <p class='ocr_par' dir='ltr' id='par_1_4' title="bbox 202 442 1494 626">
     <span class='ocr_line' id='line_1_4' title="bbox 202 442 1417 496; baseline 0.001 -14"><span class='ocrx_word' id='word_1_17' title='bbox 202 442 263 483; x_wconf 89' lang='lat' dir='ltr'>Et</span> <span class='ocrx_word' id='word_1_18' title='bbox 281 442 471 496; x_wconf 82' lang='lat' dir='ltr'>pugilem</span> <span class='ocrx_word' id='word_1_19' title='bbox 490 442 704 492; x_wconf 83' lang='lat' dir='ltr'>victorem,</span> <span class='ocrx_word' id='word_1_20' title='bbox 726 447 768 482; x_wconf 92' lang='lat' dir='ltr'>et</span> <span class='ocrx_word' id='word_1_21' title='bbox 786 454 950 494; x_wconf 88' lang='lat' dir='ltr'>equum</span> <span class='ocrx_word' id='word_1_22' title='bbox 968 442 1199 483; x_wconf 81' lang='lat' dir='ltr'>certamine</span> <span class='ocrx_word' id='word_1_23' title='bbox 1219 443 1417 496; x_wconf 88' lang='lat' dir='ltr'>primum,</span> 
     </span>
     <span class='ocr_line' id='line_1_5' title="bbox 203 506 1494 562; baseline 0 -12"><span class='ocrx_word' id='word_1_24' title='bbox 203 507 264 550; x_wconf 85' lang='lat' dir='ltr'>Et</span> <span class='ocrx_word' id='word_1_25' title='bbox 276 508 488 562; x_wconf 84' lang='lat' dir='ltr'>juvenum</span> <span class='ocrx_word' id='word_1_26' title='bbox 508 519 645 558; x_wconf 61' lang='lat' dir='ltr'>curam,</span> <span class='ocrx_word' id='word_1_27' title='bbox 666 513 708 547; x_wconf 91' lang='lat' dir='ltr'>et</span> <span class='ocrx_word' id='word_1_28' title='bbox 728 506 859 547; x_wconf 90' lang='lat' dir='ltr'>libera</span> <span class='ocrx_word' id='word_1_29' title='bbox 879 507 982 547; x_wconf 83' lang='lat' dir='ltr'>vina</span> <span class='ocrx_word' id='word_1_30' title='bbox 1001 506 1165 548; x_wconf 87' lang='lat' dir='ltr'>referre.</span> <span class='ocrx_word' id='word_1_31' title='bbox 1439 508 1494 550; x_wconf 83' lang='lat'>85</span> 
     </span>
     <span class='ocr_line' id='line_1_6' title="bbox 203 572 1244 626; baseline -0.001 -12"><span class='ocrx_word' id='word_1_32' title='bbox 203 573 448 626; x_wconf 86' lang='lat' dir='ltr'>Descriptas</span> <span class='ocrx_word' id='word_1_33' title='bbox 469 584 635 612; x_wconf 84' lang='lat' dir='ltr'>servare</span> <span class='ocrx_word' id='word_1_34' title='bbox 655 572 771 612; x_wconf 82' lang='lat' dir='ltr'>vices</span> <span class='ocrx_word' id='word_1_35' title='bbox 790 584 1052 625; x_wconf 86' lang='lat' dir='ltr'>operumque</span> <span class='ocrx_word' id='word_1_36' title='bbox 1072 572 1244 624; x_wconf 85' lang='lat' dir='ltr'>colores,</span> 
     </span>
    </p>

    <p class='ocr_par' dir='ltr' id='par_1_5' title="bbox 203 636 1261 691">
     <span class='ocr_line' id='line_1_7' title="bbox 203 636 1261 691; baseline -0.001 -13"><span class='ocrx_word' id='word_1_37' title='bbox 203 638 293 678; x_wconf 88' lang='lat' dir='ltr'>Cur</span> <span class='ocrx_word' id='word_1_38' title='bbox 309 646 400 691; x_wconf 82' lang='lat' dir='ltr'>egO,</span> <span class='ocrx_word' id='word_1_39' title='bbox 421 637 458 677; x_wconf 89' lang='lat' dir='ltr'>si</span> <span class='ocrx_word' id='word_1_40' title='bbox 476 648 643 690; x_wconf 82' lang='lat' dir='ltr'>nequeo</span> <span class='ocrx_word' id='word_1_41' title='bbox 662 636 903 690; x_wconf 86' lang='lat' dir='ltr'>ignoroque,</span> <span class='ocrx_word' id='word_1_42' title='bbox 924 644 1049 690; x_wconf 87' lang='lat' dir='ltr'>poeta</span> <span class='ocrx_word' id='word_1_43' title='bbox 1069 637 1230 678; x_wconf 88' lang='lat' dir='ltr'>salutor</span> <span class='ocrx_word' id='word_1_44' title='bbox 1241 637 1261 677; x_wconf 75' lang='grc' dir='ltr'>’.ῐ</span> 
     </span>
    </p>

    <p class='ocr_par' dir='ltr' id='par_1_6' title="bbox 201 700 1495 952">
     <span class='ocr_line' id='line_1_8' title="bbox 202 700 1351 755; baseline 0 -13"><span class='ocrx_word' id='word_1_45' title='bbox 202 702 292 743; x_wconf 88' lang='lat' dir='ltr'>Cur</span> <span class='ocrx_word' id='word_1_46' title='bbox 309 702 482 754; x_wconf 85' lang='lat' dir='ltr'>nescire,</span> <span class='ocrx_word' id='word_1_47' title='bbox 504 700 672 755; x_wconf 88' lang='lat' dir='ltr'>pudens</span> <span class='ocrx_word' id='word_1_48' title='bbox 693 715 833 755; x_wconf 89' lang='lat' dir='ltr'>prave,</span> <span class='ocrx_word' id='word_1_49' title='bbox 855 715 989 755; x_wconf 90' lang='lat' dir='ltr'>quam</span> <span class='ocrx_word' id='word_1_50' title='bbox 1008 702 1182 754; x_wconf 85' lang='lat' dir='ltr'>discere,</span> <span class='ocrx_word' id='word_1_51' title='bbox 1203 701 1351 743; x_wconf 69' lang='lat' dir='ltr'>malo?</span> 
     </span>
     <span class='ocr_line' id='line_1_9' title="bbox 201 767 1294 821; baseline 0 -13"><span class='ocrx_word' id='word_1_52' title='bbox 201 767 404 808; x_wconf 87' lang='lat' dir='ltr'>Versibus</span> <span class='ocrx_word' id='word_1_53' title='bbox 424 768 581 821; x_wconf 85' lang='lat' dir='ltr'>exponi</span> <span class='ocrx_word' id='word_1_54' title='bbox 601 768 773 820; x_wconf 85' lang='lat' dir='ltr'>tragicis</span> <span class='ocrx_word' id='word_1_55' title='bbox 794 781 859 808; x_wconf 89' lang='lat' dir='ltr'>res</span> <span class='ocrx_word' id='word_1_56' title='bbox 879 768 1044 808; x_wconf 87' lang='lat' dir='ltr'>comica</span> <span class='ocrx_word' id='word_1_57' title='bbox 1063 781 1151 809; x_wconf 90' lang='lat' dir='ltr'>non</span> <span class='ocrx_word' id='word_1_58' title='bbox 1171 768 1294 808; x_wconf 83' lang='lat' dir='ltr'>vult:</span> 
     </span>
     <span class='ocr_line' id='line_1_10' title="bbox 201 832 1495 886; baseline 0 -13"><span class='ocrx_word' id='word_1_59' title='bbox 201 832 455 886; x_wconf 85' lang='lat' dir='ltr'>Indignatur</span> <span class='ocrx_word' id='word_1_60' title='bbox 474 833 576 873; x_wconf 89' lang='lat' dir='ltr'>item</span> <span class='ocrx_word' id='word_1_61' title='bbox 595 833 771 886; x_wconf 89' lang='lat' dir='ltr'>privatis</span> <span class='ocrx_word' id='word_1_62' title='bbox 791 846 842 873; x_wconf 89' lang='lat' dir='ltr'>ac</span> <span class='ocrx_word' id='word_1_63' title='bbox 861 845 989 886; x_wconf 91' lang='lat' dir='ltr'>prope</span> <span class='ocrx_word' id='word_1_64' title='bbox 1010 846 1134 873; x_wconf 90' lang='lat' dir='ltr'>socco</span> <span class='ocrx_word' id='word_1_65' title='bbox 1438 833 1495 873; x_wconf 89' lang='grc'>90</span> 
     </span>
     <span class='ocr_line' id='line_1_11' title="bbox 203 898 1227 952; baseline 0 -13"><span class='ocrx_word' id='word_1_66' title='bbox 203 898 358 951; x_wconf 88' lang='lat' dir='ltr'>Dignis</span> <span class='ocrx_word' id='word_1_67' title='bbox 376 898 637 939; x_wconf 85' lang='lat' dir='ltr'>carminibus</span> <span class='ocrx_word' id='word_1_68' title='bbox 657 899 818 939; x_wconf 89' lang='lat' dir='ltr'>narrari</span> <span class='ocrx_word' id='word_1_69' title='bbox 837 911 972 939; x_wconf 88' lang='lat' dir='ltr'>coena</span> <span class='ocrx_word' id='word_1_70' title='bbox 991 899 1227 952; x_wconf 84' lang='lat' dir='ltr'>Thyestae.</span> 
     </span>
    </p>

    <p class='ocr_par' dir='ltr' id='par_1_7' title="bbox 202 962 1353 1080">
     <span class='ocr_line' id='line_1_12' title="bbox 202 962 1353 1016; baseline 0.001 -13"><span class='ocrx_word' id='word_1_71' title='bbox 202 962 384 1015; x_wconf 85' lang='lat' dir='ltr'>Singula</span> <span class='ocrx_word' id='word_1_72' title='bbox 403 976 600 1016; x_wconf 90' lang='lat' dir='ltr'>quaeque</span> <span class='ocrx_word' id='word_1_73' title='bbox 620 963 764 1004; x_wconf 90' lang='lat' dir='ltr'>locum</span> <span class='ocrx_word' id='word_1_74' title='bbox 784 970 958 1004; x_wconf 89' lang='lat' dir='ltr'>teneant</span> <span class='ocrx_word' id='word_1_75' title='bbox 978 964 1124 1004; x_wconf 89' lang='lat' dir='ltr'>sortita</span> <span class='ocrx_word' id='word_1_76' title='bbox 1143 963 1353 1005; x_wconf 89' lang='lat' dir='ltr'>decenter.</span> 
     </span>
     <span class='ocr_line' id='line_1_13' title="bbox 203 1027 1197 1080; baseline 0.002 -13"><span class='ocrx_word' id='word_1_77' title='bbox 203 1027 422 1068; x_wconf 88' lang='lat' dir='ltr'>Interdum</span> <span class='ocrx_word' id='word_1_78' title='bbox 443 1035 588 1068; x_wconf 90' lang='lat' dir='ltr'>tamen</span> <span class='ocrx_word' id='word_1_79' title='bbox 607 1035 649 1068; x_wconf 92' lang='lat' dir='ltr'>et</span> <span class='ocrx_word' id='word_1_80' title='bbox 667 1041 818 1069; x_wconf 86' lang='lat' dir='ltr'>vocem</span> <span class='ocrx_word' id='word_1_81' title='bbox 837 1029 1058 1070; x_wconf 89' lang='lat' dir='ltr'>comoedia</span> <span class='ocrx_word' id='word_1_82' title='bbox 1078 1029 1197 1080; x_wconf 89' lang='lat' dir='ltr'>tollit,</span> 
     </span>
    </p>

    <p class='ocr_par' dir='ltr' id='par_1_8' title="bbox 204 1092 1148 1146">
     <span class='ocr_line' id='line_1_14' title="bbox 204 1092 1148 1146; baseline 0.002 -15"><span class='ocrx_word' id='word_1_83' title='bbox 204 1092 428 1144; x_wconf 89' lang='lat' dir='ltr'>Iratusque</span> <span class='ocrx_word' id='word_1_84' title='bbox 448 1093 652 1132; x_wconf 87' lang='lat' dir='ltr'>Chremes</span> <span class='ocrx_word' id='word_1_85' title='bbox 672 1094 837 1133; x_wconf 89' lang='lat' dir='ltr'>tumido</span> <span class='ocrx_word' id='word_1_86' title='bbox 856 1094 1049 1146; x_wconf 86' lang='lat' dir='ltr'>delitigat</span> <span class='ocrx_word' id='word_1_87' title='bbox 1067 1106 1148 1144; x_wconf 90' lang='lat' dir='ltr'>ore,</span> 
     </span>
    </p>

    <p class='ocr_par' dir='ltr' id='par_1_9' title="bbox 205 1157 1496 1341">
     <span class='ocr_line' id='line_1_15' title="bbox 205 1157 1496 1210; baseline 0.002 -13"><span class='ocrx_word' id='word_1_88' title='bbox 205 1157 265 1197; x_wconf 89' lang='lat' dir='ltr'>Et</span> <span class='ocrx_word' id='word_1_89' title='bbox 284 1157 469 1210; x_wconf 85' lang='lat' dir='ltr'>tragicus</span> <span class='ocrx_word' id='word_1_90' title='bbox 488 1157 738 1210; x_wconf 89' lang='lat' dir='ltr'>plerumque</span> <span class='ocrx_word' id='word_1_91' title='bbox 758 1158 872 1198; x_wconf 88' lang='lat' dir='ltr'>dolet</span> <span class='ocrx_word' id='word_1_92' title='bbox 891 1171 1084 1198; x_wconf 88' lang='lat' dir='ltr'>sermone</span> <span class='ocrx_word' id='word_1_93' title='bbox 1104 1157 1287 1210; x_wconf 88' lang='lat' dir='ltr'>pedestri</span> <span class='ocrx_word' id='word_1_94' title='bbox 1440 1158 1496 1199; x_wconf 85' lang='lat'>95</span> 
     </span>
     <span class='ocr_line' id='line_1_16' title="bbox 205 1222 1398 1276; baseline 0 -13"><span class='ocrx_word' id='word_1_95' title='bbox 205 1222 428 1275; x_wconf 88' lang='lat' dir='ltr'>Telephus</span> <span class='ocrx_word' id='word_1_96' title='bbox 446 1229 489 1262; x_wconf 90' lang='lat' dir='ltr'>et</span> <span class='ocrx_word' id='word_1_97' title='bbox 508 1222 673 1273; x_wconf 87' lang='lat' dir='ltr'>Peleus,</span> <span class='ocrx_word' id='word_1_98' title='bbox 694 1235 796 1262; x_wconf 91' lang='lat' dir='ltr'>cum</span> <span class='ocrx_word' id='word_1_99' title='bbox 815 1236 980 1275; x_wconf 89' lang='lat' dir='ltr'>pauper</span> <span class='ocrx_word' id='word_1_100' title='bbox 998 1230 1040 1262; x_wconf 91' lang='lat' dir='ltr'>et</span> <span class='ocrx_word' id='word_1_101' title='bbox 1059 1223 1197 1274; x_wconf 83' lang='lat' dir='ltr'>exsul,</span> <span class='ocrx_word' id='word_1_102' title='bbox 1220 1230 1398 1276; x_wconf 89' lang='lat' dir='ltr'>uterque</span> 
     </span>
     <span class='ocr_line' id='line_1_17' title="bbox 206 1281 1162 1341; baseline 0 -14"><span class='ocrx_word' id='word_1_103' title='bbox 206 1288 374 1341; x_wconf 90' lang='lat' dir='ltr'>Projicit</span> <span class='ocrx_word' id='word_1_104' title='bbox 393 1287 607 1340; x_wconf 88' lang='lat' dir='ltr'>ampullas</span> <span class='ocrx_word' id='word_1_105' title='bbox 627 1294 669 1327; x_wconf 91' lang='lat' dir='ltr'>et</span> <span class='ocrx_word' id='word_1_106' title='bbox 689 1287 1002 1340; x_wconf 87' lang='lat' dir='ltr'>sesquipedalia</span> <span class='ocrx_word' id='word_1_107' title='bbox 1021 1281 1162 1338; x_wconf 70' lang='lat' dir='ltr'>verba,</span> 
     </span>
    </p>

    <p class='ocr_par' dir='ltr' id='par_1_10' title="bbox 205 1352 1142 1405">
     <span class='ocr_line' id='line_1_18' title="bbox 205 1352 1142 1405; baseline -0.002 -12"><span class='ocrx_word' id='word_1_108' title='bbox 205 1353 252 1393; x_wconf 91' lang='lat' dir='ltr'>Si</span> <span class='ocrx_word' id='word_1_109' title='bbox 271 1359 392 1392; x_wconf 87' lang='lat' dir='ltr'>curat</span> <span class='ocrx_word' id='word_1_110' title='bbox 410 1365 481 1392; x_wconf 89' lang='lat' dir='ltr'>cor</span> <span class='ocrx_word' id='word_1_111' title='bbox 501 1353 731 1405; x_wconf 84' lang='lat' dir='ltr'>spectantis</span> <span class='ocrx_word' id='word_1_112' title='bbox 750 1352 936 1405; x_wconf 88' lang='lat' dir='ltr'>tetigisse</span> <span class='ocrx_word' id='word_1_113' title='bbox 956 1352 1142 1404; x_wconf 88' lang='lat' dir='ltr'>querela.</span> 
     </span>
    </p>

    <p class='ocr_par' dir='ltr' id='par_1_11' title="bbox 205 1416 1404 1470">
     <span class='ocr_line' id='line_1_19' title="bbox 205 1416 1404 1470; baseline -0.002 -12"><span class='ocrx_word' id='word_1_114' title='bbox 205 1417 303 1459; x_wconf 94' lang='lat' dir='ltr'>Non</span> <span class='ocrx_word' id='word_1_115' title='bbox 324 1418 427 1457; x_wconf 89' lang='lat' dir='ltr'>satis</span> <span class='ocrx_word' id='word_1_116' title='bbox 447 1424 510 1457; x_wconf 89' lang='lat' dir='ltr'>est</span> <span class='ocrx_word' id='word_1_117' title='bbox 530 1417 709 1470; x_wconf 89' lang='lat' dir='ltr'>pulchra</span> <span class='ocrx_word' id='word_1_118' title='bbox 728 1430 821 1457; x_wconf 90' lang='lat' dir='ltr'>esse</span> <span class='ocrx_word' id='word_1_119' title='bbox 841 1424 1063 1470; x_wconf 87' lang='lat' dir='ltr'>poemata:</span> <span class='ocrx_word' id='word_1_120' title='bbox 1093 1416 1239 1456; x_wconf 90' lang='lat' dir='ltr'>dulcia</span> <span class='ocrx_word' id='word_1_121' title='bbox 1259 1422 1404 1468; x_wconf 67' lang='lat' dir='ltr'>sunto,</span> 
     </span>
    </p>

    <p class='ocr_par' dir='ltr' id='par_1_12' title="bbox 205 1481 1498 1598">
     <span class='ocr_line' id='line_1_20' title="bbox 205 1481 1498 1535; baseline 0 -13"><span class='ocrx_word' id='word_1_122' title='bbox 205 1483 264 1523; x_wconf 89' lang='lat' dir='ltr'>Et</span> <span class='ocrx_word' id='word_1_123' title='bbox 284 1495 541 1535; x_wconf 88' lang='lat' dir='ltr'>quocunque</span> <span class='ocrx_word' id='word_1_124' title='bbox 561 1482 715 1533; x_wconf 87' lang='lat' dir='ltr'>volent,</span> <span class='ocrx_word' id='word_1_125' title='bbox 738 1482 933 1522; x_wconf 88' lang='lat' dir='ltr'>animum</span> <span class='ocrx_word' id='word_1_126' title='bbox 953 1482 1156 1522; x_wconf 86' lang='lat' dir='ltr'>auditoris</span> <span class='ocrx_word' id='word_1_127' title='bbox 1177 1488 1349 1535; x_wconf 84' lang='lat' dir='ltr'>agunto.</span> <span class='ocrx_word' id='word_1_128' title='bbox 1416 1481 1498 1522; x_wconf 88' lang='grc'>100</span> 
     </span>
     <span class='ocr_line' id='line_1_21' title="bbox 205 1547 1218 1598; baseline -0.001 -11"><span class='ocrx_word' id='word_1_129' title='bbox 205 1548 265 1588; x_wconf 93' lang='lat' dir='ltr'>Ut</span> <span class='ocrx_word' id='word_1_130' title='bbox 285 1547 518 1588; x_wconf 90' lang='lat' dir='ltr'>ridentibus</span> <span class='ocrx_word' id='word_1_131' title='bbox 538 1547 733 1598; x_wconf 87' lang='lat' dir='ltr'>arrident,</span> <span class='ocrx_word' id='word_1_132' title='bbox 755 1548 816 1587; x_wconf 89' lang='lat' dir='ltr'>ita</span> <span class='ocrx_word' id='word_1_133' title='bbox 835 1547 1038 1587; x_wconf 87' lang='lat' dir='ltr'>flentibus</span> <span class='ocrx_word' id='word_1_134' title='bbox 1058 1547 1218 1586; x_wconf 90' lang='lat' dir='ltr'>adsunt</span> 
     </span>
    </p>

    <p class='ocr_par' dir='ltr' id='par_1_13' title="bbox 205 1611 1402 1796">
     <span class='ocr_line' id='line_1_22' title="bbox 205 1611 1332 1663; baseline -0.002 -10"><span class='ocrx_word' id='word_1_135' title='bbox 205 1613 399 1653; x_wconf 90' lang='lat' dir='ltr'>Humani</span> <span class='ocrx_word' id='word_1_136' title='bbox 418 1613 578 1653; x_wconf 87' lang='lat' dir='ltr'>vultus.</span> <span class='ocrx_word' id='word_1_137' title='bbox 636 1613 683 1654; x_wconf 90' lang='lat' dir='ltr'>Si</span> <span class='ocrx_word' id='word_1_138' title='bbox 703 1613 770 1652; x_wconf 84' lang='lat' dir='ltr'>vis</span> <span class='ocrx_word' id='word_1_139' title='bbox 790 1625 859 1652; x_wconf 90' lang='lat' dir='ltr'>me</span> <span class='ocrx_word' id='word_1_140' title='bbox 879 1612 989 1663; x_wconf 89' lang='lat' dir='ltr'>flere,</span> <span class='ocrx_word' id='word_1_141' title='bbox 1012 1611 1247 1652; x_wconf 89' lang='lat' dir='ltr'>dolendum</span> <span class='ocrx_word' id='word_1_142' title='bbox 1266 1617 1332 1651; x_wconf 89' lang='lat' dir='ltr'>est</span> 
     </span>
     <span class='ocr_line' id='line_1_23' title="bbox 206 1676 1402 1731; baseline -0.002 -13"><span class='ocrx_word' id='word_1_143' title='bbox 206 1678 398 1718; x_wconf 85' lang='lat' dir='ltr'>Primum</span> <span class='ocrx_word' id='word_1_144' title='bbox 418 1679 498 1731; x_wconf 91' lang='lat' dir='ltr'>ipsi</span> <span class='ocrx_word' id='word_1_145' title='bbox 518 1679 594 1719; x_wconf 89' lang='lat' dir='ltr'>tibi</span> <span class='ocrx_word' id='word_1_146' title='bbox 611 1692 620 1730; x_wconf 91' lang='lat'>;</span> <span class='ocrx_word' id='word_1_147' title='bbox 652 1685 756 1719; x_wconf 90' lang='lat' dir='ltr'>tunc</span> <span class='ocrx_word' id='word_1_148' title='bbox 778 1684 854 1718; x_wconf 90' lang='lat' dir='ltr'>tua</span> <span class='ocrx_word' id='word_1_149' title='bbox 874 1691 943 1718; x_wconf 92' lang='lat' dir='ltr'>me</span> <span class='ocrx_word' id='word_1_150' title='bbox 965 1677 1198 1718; x_wconf 90' lang='lat' dir='ltr'>infortunia</span> <span class='ocrx_word' id='word_1_151' title='bbox 1219 1676 1402 1727; x_wconf 88' lang='lat' dir='ltr'>laedent,</span> 
     </span>
     <span class='ocr_line' id='line_1_24' title="bbox 206 1742 1301 1796; baseline -0.002 -13"><span class='ocrx_word' id='word_1_152' title='bbox 206 1744 398 1796; x_wconf 86' lang='lat' dir='ltr'>Telephe</span> <span class='ocrx_word' id='word_1_153' title='bbox 417 1743 487 1783; x_wconf 86' lang='lat' dir='ltr'>vel</span> <span class='ocrx_word' id='word_1_154' title='bbox 507 1743 661 1783; x_wconf 90' lang='lat' dir='ltr'>Peleu:</span> <span class='ocrx_word' id='word_1_155' title='bbox 691 1743 804 1783; x_wconf 89' lang='lat' dir='ltr'>male</span> <span class='ocrx_word' id='word_1_156' title='bbox 825 1743 861 1783; x_wconf 91' lang='lat' dir='ltr'>si</span> <span class='ocrx_word' id='word_1_157' title='bbox 880 1743 1087 1783; x_wconf 84' lang='lat' dir='ltr'>mandata</span> <span class='ocrx_word' id='word_1_158' title='bbox 1107 1742 1301 1794; x_wconf 87' lang='lat' dir='ltr'>loqueris,</span> 
     </span>
    </p>

    <p class='ocr_par' dir='ltr' id='par_1_14' title="bbox 207 1805 1503 2251">
     <span class='ocr_line' id='line_1_25' title="bbox 207 1805 1500 1849; baseline -0.002 -1"><span class='ocrx_word' id='word_1_159' title='bbox 207 1809 296 1848; x_wconf 91' lang='lat' dir='ltr'>Aut</span> <span class='ocrx_word' id='word_1_160' title='bbox 314 1808 548 1848; x_wconf 92' lang='lat' dir='ltr'>dormitabo</span> <span class='ocrx_word' id='word_1_161' title='bbox 567 1815 644 1848; x_wconf 90' lang='lat' dir='ltr'>aut</span> <span class='ocrx_word' id='word_1_162' title='bbox 662 1808 817 1849; x_wconf 91' lang='lat' dir='ltr'>ridebo.</span> <span class='ocrx_word' id='word_1_163' title='bbox 877 1809 1039 1849; x_wconf 91' lang='lat' dir='ltr'>Tristia</span> <span class='ocrx_word' id='word_1_164' title='bbox 1059 1814 1273 1848; x_wconf 90' lang='lat' dir='ltr'>moestum</span> <span class='ocrx_word' id='word_1_165' title='bbox 1418 1805 1500 1846; x_wconf 86' lang='lat'>105</span> 
     </span>
     <span class='ocr_line' id='line_1_26' title="bbox 208 1873 1295 1927; baseline -0.001 -14"><span class='ocrx_word' id='word_1_166' title='bbox 208 1873 387 1913; x_wconf 87' lang='lat' dir='ltr'>Vultum</span> <span class='ocrx_word' id='word_1_167' title='bbox 407 1874 536 1913; x_wconf 87' lang='lat' dir='ltr'>verba</span> <span class='ocrx_word' id='word_1_168' title='bbox 556 1873 718 1925; x_wconf 84' lang='lat' dir='ltr'>decent,</span> <span class='ocrx_word' id='word_1_169' title='bbox 739 1875 895 1915; x_wconf 90' lang='lat' dir='ltr'>iratum</span> <span class='ocrx_word' id='word_1_170' title='bbox 915 1874 1044 1927; x_wconf 88' lang='lat' dir='ltr'>plena</span> <span class='ocrx_word' id='word_1_171' title='bbox 1062 1874 1295 1921; x_wconf 86' lang='lat' dir='ltr'>minarum‚·</span> 
     </span>
     <span class='ocr_line' id='line_1_27' title="bbox 210 1936 1371 1995; baseline 0.002 -19"><span class='ocrx_word' id='word_1_172' title='bbox 210 1936 452 1977; x_wconf 88' lang='lat' dir='ltr'>Ludentem</span> <span class='ocrx_word' id='word_1_173' title='bbox 472 1937 646 1988; x_wconf 87' lang='lat' dir='ltr'>lasciva,</span> <span class='ocrx_word' id='word_1_174' title='bbox 668 1951 866 1978; x_wconf 87' lang='lat' dir='ltr'>severum</span> <span class='ocrx_word' id='word_1_175' title='bbox 886 1939 994 1978; x_wconf 89' lang='lat' dir='ltr'>seria</span> <span class='ocrx_word' id='word_1_176' title='bbox 1014 1938 1144 1978; x_wconf 90' lang='lat' dir='ltr'>dictu.</span> <span class='ocrx_word' id='word_1_177' title='bbox 1362 1987 1371 1995; x_wconf 46' lang='lat'><strong>·</strong></span> 
     </span>
     <span class='ocr_line' id='line_1_28' title="bbox 212 2001 1335 2055; baseline 0.002 -15"><span class='ocrx_word' id='word_1_178' title='bbox 212 2001 387 2041; x_wconf 81' lang='lat' dir='ltr'>Format</span> <span class='ocrx_word' id='word_1_179' title='bbox 405 2001 520 2042; x_wconf 89' lang='lat' dir='ltr'>enim</span> <span class='ocrx_word' id='word_1_180' title='bbox 539 2009 695 2042; x_wconf 87' lang='lat' dir='ltr'>natura</span> <span class='ocrx_word' id='word_1_181' title='bbox 714 2003 831 2055; x_wconf 92' lang='lat' dir='ltr'>prius</span> <span class='ocrx_word' id='word_1_182' title='bbox 851 2015 929 2043; x_wconf 89' lang='lat' dir='ltr'>nos</span> <span class='ocrx_word' id='word_1_183' title='bbox 949 2003 1066 2043; x_wconf 91' lang='lat' dir='ltr'>intus</span> <span class='ocrx_word' id='word_1_184' title='bbox 1086 2002 1142 2042; x_wconf 87' lang='lat' dir='ltr'>ad</span> <span class='ocrx_word' id='word_1_185' title='bbox 1162 2015 1335 2043; x_wconf 90' lang='lat' dir='ltr'>omnem</span> 
     </span>
     <span class='ocr_line' id='line_1_29' title="bbox 213 2066 1412 2122; baseline 0.001 -16"><span class='ocrx_word' id='word_1_186' title='bbox 213 2066 500 2107; x_wconf 88' lang='lat' dir='ltr'>Fortunarum</span> <span class='ocrx_word' id='word_1_187' title='bbox 518 2067 738 2120; x_wconf 85' lang='lat' dir='ltr'>habitum3</span> <span class='ocrx_word' id='word_1_188' title='bbox 764 2069 900 2122; x_wconf 84' lang='lat' dir='ltr'>juvat,</span> <span class='ocrx_word' id='word_1_189' title='bbox 923 2074 1000 2107; x_wconf 89' lang='lat' dir='ltr'>aut</span> <span class='ocrx_word' id='word_1_190' title='bbox 1019 2067 1198 2120; x_wconf 90' lang='lat' dir='ltr'>impellit</span> <span class='ocrx_word' id='word_1_191' title='bbox 1217 2067 1273 2107; x_wconf 91' lang='lat' dir='ltr'>ad</span> <span class='ocrx_word' id='word_1_192' title='bbox 1293 2067 1412 2118; x_wconf 84' lang='lat' dir='ltr'>iram,</span> 
     </span>
     <span class='ocr_line' id='line_1_30' title="bbox 214 2129 1503 2186; baseline -0.001 -16"><span class='ocrx_word' id='word_1_193' title='bbox 214 2131 304 2171; x_wconf 92' lang='lat' dir='ltr'>Aut</span> <span class='ocrx_word' id='word_1_194' title='bbox 323 2130 378 2170; x_wconf 92' lang='lat' dir='ltr'>ad</span> <span class='ocrx_word' id='word_1_195' title='bbox 397 2131 581 2172; x_wconf 90' lang='lat' dir='ltr'>humum</span> <span class='ocrx_word' id='word_1_196' title='bbox 600 2145 785 2174; x_wconf 90' lang='lat' dir='ltr'>moerore</span> <span class='ocrx_word' id='word_1_197' title='bbox 806 2133 925 2186; x_wconf 85' lang='lat' dir='ltr'>gravi</span> <span class='ocrx_word' id='word_1_198' title='bbox 944 2132 1118 2173; x_wconf 90' lang='lat' dir='ltr'>deducit</span> <span class='ocrx_word' id='word_1_199' title='bbox 1137 2139 1180 2173; x_wconf 92' lang='lat' dir='ltr'>et</span> <span class='ocrx_word' id='word_1_200' title='bbox 1198 2133 1318 2186; x_wconf 88' lang='lat' dir='ltr'>angit</span> <span class='ocrx_word' id='word_1_201' title='bbox 1335 2146 1345 2186; x_wconf 90' lang='lat'>;</span> <span class='ocrx_word' id='word_1_202' title='bbox 1419 2129 1503 2171; x_wconf 89' lang='grc'>110</span> 
     </span>
     <span class='ocr_line' id='line_1_31' title="bbox 215 2195 1186 2251; baseline 0.004 -16"><span class='ocrx_word' id='word_1_203' title='bbox 215 2195 317 2236; x_wconf 90' lang='lat' dir='ltr'>Post</span> <span class='ocrx_word' id='word_1_204' title='bbox 335 2195 453 2236; x_wconf 87' lang='lat' dir='ltr'>effert</span> <span class='ocrx_word' id='word_1_205' title='bbox 471 2197 603 2237; x_wconf 90' lang='lat' dir='ltr'>animi</span> <span class='ocrx_word' id='word_1_206' title='bbox 621 2205 763 2239; x_wconf 91' lang='lat' dir='ltr'>motus</span> <span class='ocrx_word' id='word_1_207' title='bbox 782 2199 1003 2251; x_wconf 88' lang='lat' dir='ltr'>interprete</span> <span class='ocrx_word' id='word_1_208' title='bbox 1023 2198 1186 2251; x_wconf 88' lang='lat' dir='ltr'>lingua.</span> 
     </span>
    </p>

    <p class='ocr_par' dir='ltr' id='par_1_15' title="bbox 218 2259 1127 2315">
     <span class='ocr_line' id='line_1_32' title="bbox 218 2259 1127 2315; baseline 0.006 -15"><span class='ocrx_word' id='word_1_209' title='bbox 218 2260 265 2301; x_wconf 90' lang='lat' dir='ltr'>Si</span> <span class='ocrx_word' id='word_1_210' title='bbox 284 2259 462 2300; x_wconf 90' lang='lat' dir='ltr'>dicentis</span> <span class='ocrx_word' id='word_1_211' title='bbox 481 2268 604 2302; x_wconf 90' lang='lat' dir='ltr'>erunt</span> <span class='ocrx_word' id='word_1_212' title='bbox 622 2261 800 2304; x_wconf 86' lang='lat' dir='ltr'>fortunis</span> <span class='ocrx_word' id='word_1_213' title='bbox 819 2264 982 2304; x_wconf 87' lang='lat' dir='ltr'>absona</span> <span class='ocrx_word' id='word_1_214' title='bbox 1000 2263 1127 2315; x_wconf 85' lang='lat' dir='ltr'>dicta,</span> 
     </span>
    </p>
   </div>
   <div class='ocr_carea' id='block_1_3' title="bbox 383 2422 1290 2520">
    <p class='ocr_par' dir='ltr' id='par_1_16' title="bbox 383 2422 1290 2520">
     <span class='ocr_line' id='line_1_33' title="bbox 383 2422 1290 2466; baseline -0.001 -11"><span class='ocrx_word' id='word_1_215' title='bbox 383 2422 437 2456; x_wconf 81' lang='lat'>92.</span> <span class='ocrx_word' id='word_1_216' title='bbox 459 2423 639 2466; x_wconf 75' lang='lat' dir='ltr'>decentem.</span> <span class='ocrx_word' id='word_1_217' title='bbox 735 2426 790 2462; x_wconf 82' lang='lat'>95,</span> <span class='ocrx_word' id='word_1_218' title='bbox 804 2425 855 2458; x_wconf 80' lang='lat'>96.</span> <span class='ocrx_word' id='word_1_219' title='bbox 880 2426 1027 2466; x_wconf 79' lang='lat' dir='ltr'>pedestri.</span> <span class='ocrx_word' id='word_1_220' title='bbox 1073 2424 1290 2463; x_wconf 74' lang='lat' dir='ltr'>Telephus-.</span> 
     </span>
     <span class='ocr_line' id='line_1_34' title="bbox 573 2477 1102 2520; baseline -0.002 -11"><span class='ocrx_word' id='word_1_221' title='bbox 573 2477 646 2510; x_wconf 82' lang='lat'>1⁰1.</span> <span class='ocrx_word' id='word_1_222' title='bbox 667 2477 795 2518; x_wconf 54' lang='lat' dir='ltr'>echium</span> <span class='ocrx_word' id='word_1_223' title='bbox 816 2479 949 2517; x_wconf 67' lang='lat' dir='ltr'>adflent,</span> <span class='ocrx_word' id='word_1_224' title='bbox 964 2479 1004 2511; x_wconf 78' lang='lat' dir='ltr'>de</span> <span class='ocrx_word' id='word_1_225' title='bbox 1019 2480 1102 2520; x_wconf 74' lang='lat' dir='ltr'>conj.</span> 
     </span>
    </p>
   </div>
   <div class='ocr_carea' id='block_1_4' title="bbox 802 2539 875 2585">
    <p class='ocr_par' dir='ltr' id='par_1_17' title="bbox 802 2539 875 2585">
     <span class='ocr_line' id='line_1_35' title="bbox 802 2539 875 2585; baseline 0.041 -3"><span class='ocrx_word' id='word_1_226' title='bbox 802 2539 875 2585; x_wconf 77' lang='lat'>13*</span> 
     </span>
    </p>
   </div>
  </div>
 </body>
</html>
