1612 2716
189 176 286 222 220
719 186 1003 219 SATIRABUM

188 292 235 333 Si
255 292 351 345 quis
372 291 523 332 lectica
540 290 724 330 nitidam
745 297 907 343 gestare
928 297 1044 330 amet
1062 302 1233 344 agnam,

188 355 302 397 Huic
324 363 485 396 vestem
506 363 554 395 ut
575 362 732 408 gnatae
753 362 880 408 paret,
904 356 1084 395 ancillas
1105 362 1233 409 paret,
1255 367 1421 407 aurum,
1451 355 1536 396 215

186 421 347 463 Rufam
367 429 442 462 aut
463 421 672 461 Pusillam
693 421 886 473 appellet,
909 420 1087 473 fortique
1108 421 1259 461 marito

188 487 382 527 Destinet
403 500 603 538 uxorem3
637 486 858 525 interdicto
879 487 981 526 huic
1003 500 1128 526 omne
1150 486 1314 527 adimat
1326 489 1399 542 jus

188 552 368 604 Praetor,
390 559 432 592 et
452 552 508 592 ad
529 565 655 591 sanos
675 553 800 591 abeat
821 552 954 591 tutela
975 553 1243 604 propinquos.

187 617 340 662 Quid?
371 617 407 657 si
425 617 521 669 quis
543 624 719 670 gnatam
740 629 813 669 pro
833 623 955 656 muta
975 617 1156 656 devovet
1176 629 1300 670 agna,

185 681 353 735 Integer
373 689 437 722 est
455 682 634 722 animi‘.z>
680 682 745 722 Ne
766 681 936 721 dixeris.
998 681 1112 735 Ergo
1133 681 1206 722 ubi
1227 695 1360 735 prava
1453 682 1538 724 220

186 748 387 799 Stultitia,
410 747 479 787 hic
501 760 673 787 summa
692 753 757 787 est
776 747 969 799 insania3
1001 748 1076 799 qui
1098 747 1341 800 sceleratus,

186 813 245 853 Et
264 813 448 853 furiosus
468 813 568 865 erit;
600 825 731 865 quem
751 813 862 865 cepit
882 813 1015 852 vitrea
1035 811 1164 864 fama,

185 878 315 919 Hunc
334 878 634 918 circumtonuit
654 877 849 930 gaudens
869 878 1047 918 Bellona
1066 878 1265 919 cruentis.

185 944 314 984 Nunc
334 957 413 996 age
435 943 654 983 luxuriam
674 949 716 983 et
736 943 1058 984 Nomentanum
1078 943 1214 996 arripe
1234 955 1432 985 mecum:

183 1008 335 1061 Vincet
354 1009 470 1048 enim
490 1009 642 1048 stultos
662 1009 767 1048 ratio
788 1009 973 1048 insanire
994 1015 1179 1061 nepotes.
1450 1009 1537 1051 225

183 1074 266 1114 Hic
288 1074 417 1114 simul
437 1074 601 1126 accepit
621 1074 849 1126 patrimoni
868 1073 989 1113 mille
1009 1074 1182 1126 talenta,

188 1139 340 1191 Edicit,
363 1140 545 1191 piscator
565 1139 640 1190 uti,
661 1139 890 1191 pomarius,
913 1151 1084 1192 auceps,

184 1205 506 1258 Unguentarius
525 1217 577 1244 ac
598 1204 736 1245 Tusci
757 1205 882 1244 turba
902 1205 1034 1258 impia
1054 1205 1148 1257 vici,

184 1271 297 1310 Cum
318 1270 472 1310 scurris
493 1269 630 1320 fartor,
653 1282 754 1309 cum
776 1269 957 1310 Velabro
976 1283 1103 1310 omne
1122 1269 1356 1311 macellum

184 1334 314 1376 Mane
346 1335 526 1375 domum
559 1335 748 1375 veniant.
819 1335 942 1380 Quid
962 1335 1087 1376 tum?
1157 1336 1318 1377 Venere
1341 1335 1534 1389 frequen-

350 1407 424 1440 tes.
1147 1390 1161 1403 ⁸
1449 1400 1535 1442 230

182 1465 321 1505 Verba
342 1465 444 1506 facit
463 1466 583 1506 leno:
615 1465 844 1518 Quidquid
865 1465 982 1516 mihi,
1004 1464 1214 1518 quidquid
1234 1471 1277 1505 et
1295 1465 1450 1507 horum

182 1531 351 1583 Cuique
367 1531 483 1571 domi
503 1538 577 1582 est,
595 1531 639 1571 id
659 1531 782 1571 crede
792 1521 939 1582 tuum,
953 1537 995 1571 et
1010 1531 1079 1571 vel
1096 1543 1215 1571 nunc
1231 1537 1325 1584 pete
1339 1531 1410 1572 vel
1424 1543 1531 1572 cras.

182 1596 350 1648 Accipe,
373 1596 477 1648 quid
497 1603 643 1637 contra
657 1597 830 1650 juvenis
850 1596 1111 1649 responderit
1133 1609 1324 1648 aequus:

181 1660 233 1701 In
252 1660 352 1700 nive
373 1661 554 1701 Lucana
574 1662 731 1701 dormis
752 1668 957 1711 ocreatus,
981 1667 1030 1700 ut
1048 1673 1201 1712 aprum

181 1725 372 1765 Coenem
393 1738 495 1777 ego:
527 1731 575 1764 tu
594 1725 734 1776 pisces
754 1725 930 1764 hiberno
949 1737 1004 1764 ex
1025 1737 1207 1775 aequore
1226 1725 1369 1765 verris.
1445 1726 1530 1768 235

181 1789 334 1842 Segnis
355 1801 432 1841 ego
453 1788 656 1841 indignus
677 1789 750 1840 qui
772 1795 940 1827 tantum
960 1788 1225 1840 possideam:
1256 1789 1401 1831 aufer!

181 1854 314 1895 Sume
336 1854 409 1893 tibi
430 1853 594 1893 decies:
626 1853 700 1893 tibi
722 1852 1000 1893 tantundem:
1033 1854 1107 1894 tibi
1129 1855 1293 1908 triplex,

181 1918 307 1960 Unde
327 1930 436 1958 uxor
454 1917 597 1958 media
616 1918 747 1958 currit
766 1917 819 1957 de
839 1924 962 1957 nocte
981 1925 1146 1959 vocata.

181 1983 320 2024 Filius
341 1983 497 2035 Aesopi
517 1983 753 2023 detractam
772 1996 828 2022 ex
849 1995 950 2023 aure
971 1983 1179 2035 Metellae,

181 2047 353 2089 Scilicet
372 2054 420 2087 ut
440 2047 579 2087 decies
601 2047 786 2087 solidum
807 2048 1057 2098 exsorberet,
1080 2054 1200 2089 aceto
1442 2050 1528 2092 240

183 2112 321 2153 Diluit
340 2112 551 2164 insignem
571 2113 773 2152 baccam:
804 2121 879 2164 qui
900 2113 1050 2163 sanior,
1073 2126 1123 2153 ac
1145 2114 1180 2154 si

181 2175 295 2217 Illud
316 2175 429 2216 idem
449 2176 493 2215 in
514 2176 711 2228 rapidum
732 2175 896 2216 fiumen
911 2178 1124 2230 jaceretve
1144 2178 1337 2220 cloacam
1350 2179 1371 2220 ’.ἱ

180 2241 336 2286 Quinti
355 2241 574 2294 progenies
594 2241 700 2292 Am,
721 2253 798 2294 par
815 2242 956 2282 nobile
975 2241 1163 2295 fratrum,

359 2438 363 2441 ,
432 2439 434 2441 ,
697 2401 772 2434 216.
796 2408 829 2433 et
843 2402 1006 2435 Pusillam.

363 2453 439 2487 235.
463 2453 563 2487 vellis.
650 2454 726 2487 240.
749 2455 946 2494 obsorbent,
960 2455 1124 2493 Orelliuef
1147 2456 1339 2490 absorberet.
