1650 2730
526 178 775 214 ntmmlu.
840 180 982 216 QVI.

322 281 457 335 Atqui
475 282 635 324 sciebat
654 295 766 336 quae
785 284 866 326 sibi
884 284 1091 328 barbarus

323 347 478 400 Tortor
496 355 689 401 pararet:
719 361 806 390 non
825 350 948 392 aliter
965 357 1113 395 tamen

379 412 571 453 Dimovit
589 413 805 454 obstantes
824 416 1082 469 propinquos

434 477 495 518 Et
510 477 719 531 populum
737 479 896 520 reditus
914 488 1164 535 morantem,

323 606 474 652 Quam
492 607 530 648 si
548 607 753 649 clientum
772 608 901 663 longa
919 611 1101 665 negotia,

324 670 568 726 Dijudicata
587 672 658 713 lite
677 673 942 727 relinqueret,

380 736 586 777 Tendens
606 737 869 779 Venafranos
889 740 934 780 in
954 753 1078 794 agros

433 802 523 842 Aut
540 802 933 846 Lacedaemonium
951 806 1207 849 Tarentum.

564 1206 802 1247 GARMEN
847 1209 922 1249 VI.

517 1345 596 1374 AD
644 1347 972 1377 ROMANOS.

267 1471 436 1512 Delicta
454 1473 665 1526 maiorum
684 1474 920 1516 immeritus
941 1476 1046 1529 lues,

266 1536 472 1588 Romane,
494 1537 628 1578 donec
648 1540 807 1592 templa
825 1540 1017 1582 refeceris

320 1601 546 1654 Aedesque
567 1602 757 1644 labentes
777 1604 954 1645 deorum
973 1613 1015 1646 et

378 1666 525 1707 Foeda
543 1668 664 1721 nigro
683 1669 913 1710 simulacra
932 1669 1063 1711 fumo.

267 1793 346 1834 Dis
366 1802 406 1835 te
425 1796 632 1837 minorem
651 1798 765 1850 quod
785 1799 906 1852 geris,
926 1799 1135 1853 imperas:

266 1859 379 1900 Hinc
398 1873 523 1901 omne
542 1863 807 1916 principium,
829 1864 916 1905 huo
937 1864 1042 1906 refer
1060 1867 1239 1908 exitum.

322 1923 380 1964 Di
398 1926 536 1966 multa
554 1928 736 1980 neglecti
756 1928 964 1970 dederunt

375 1989 604 2044 Hesperiae
624 1993 740 2033 mala
758 1993 991 2036 luctuosae.

267 2116 367 2158 Jam
383 2118 449 2159 bis
468 2119 692 2162 Monaeses
712 2129 755 2163 et
773 2123 923 2164 Pacori
942 2137 1100 2166 manus

267 2181 366 2223 Non
385 2185 623 2237 auspicatos
643 2188 837 2229 contudit
856 2189 1039 2242 impetus

324 2247 507 2301 Nostros,
528 2257 570 2290 et
589 2251 794 2306 adjecisse
814 2254 1018 2307 praedam

381 2312 626 2367 Torquibus
645 2318 812 2372 exiguis
829 2320 1002 2360 renidet.

335 2440 375 2475 C.
390 2443 433 2475 vi.
451 2442 481 2476 6.
505 2443 578 2477 Huc
593 2455 742 2497 omne—.v
922 2449 954 2482 9.
978 2448 1153 2482 Monam

718 2498 767 2540 44

1353 174 1416 223 81

1362 355 1419 397 50

1362 743 1417 786 55

1359 2191 1413 2232 10
