1650 2730
196 178 260 227 46

734 188 960 221 ΟΔΒΜῙΝΠ
959 188 999 220 Μ

448 293 598 345 Gades,
619 298 662 333 et
680 292 908 333 exstructis
928 292 974 332 in
993 293 1133 333 altum

507 358 680 400 Divitiis
700 358 881 411 potietur
901 357 1034 412 lieres.

394 490 584 531 Divesne
604 488 740 541 prisco
761 493 891 527 natus
912 487 968 527 ab
987 487 1163 539 Inacho,

394 555 468 597 Nil
489 555 671 604 interest,
693 566 750 593 an
770 565 932 605 pauper
951 559 993 592 et
1011 552 1163 593 infima

451 620 518 661 De
538 626 662 672 gente
684 619 764 658 sub
784 618 884 657 divo
904 618 1087 669 moreris,

511 685 693 726 Victima
711 683 773 724 nil
793 683 1032 723 miserantis
1054 682 1166 724 Orci.

397 815 561 856 Orrmes
581 813 732 854 eodem
752 813 955 866 cogimur,
977 813 1174 854 omnium

397 881 599 922 Versatur
618 892 727 920 urna
747 878 881 919 serius
901 878 1020 919 ocius

281 990 283 992 ,
315 987 319 996 ,
391 965 399 970 -
415 962 442 971 μ’
453 946 553 987 Sors
573 946 740 985 exitura
759 950 801 984 et
820 956 898 984 nos
917 944 964 984 in
983 934 1205 984 aeternu'm

508 1010 730 1052 Exsilium
749 1008 999 1063 impositura
1016 1008 1210 1062 cymbae.

699 1378 938 1418 GARMEN
983 1377 1057 1416 IV.

463 1508 538 1536 AD
583 1507 931 1535 XANTHIAM
977 1505 1293 1533 PHOCEUM.

414 1623 481 1666 Ne
502 1623 556 1663 sit
576 1622 756 1664 ancillae
777 1622 852 1662 tibi
872 1635 991 1662 amor
1010 1621 1172 1675 pudori,

417 1688 613 1730 Xanthia
633 1687 832 1728 Phoceu!
890 1687 1014 1727 Prius
1034 1686 1288 1728 insolentem

415 1754 552 1796 Serva
573 1753 728 1793 Briseis
747 1753 873 1792 niveo
892 1752 1029 1793 colore

528 1817 666 1858 Movit
685 1817 898 1857 Achillem
915 1831 925 1870 3

416 1947 553 1987 Movit
573 1947 749 2001 AJacem
768 1947 1006 1988 Telamone
1027 1953 1180 1988 natum

417 2012 575 2052 Forma
594 2012 788 2065 captivae
809 2012 1034 2052 dominum
1053 2012 1339 2052 Tecmessae:

416 2077 531 2117 Arsit
552 2076 718 2117 Atrides
738 2077 879 2117 medio
898 2077 944 2117 in
963 2076 1178 2129 triumpho

530 2141 701 2194 Virgine
721 2147 852 2194 rapta,

419 2269 631 2311 Barbarae
650 2276 879 2322 postquam
898 2268 1085 2309 cecidere
1105 2275 1269 2311 turmae

421 2335 639 2376 Thessalo
659 2335 826 2387 victore,
847 2340 890 2374 et
909 2334 1136 2387 ademptus
1156 2335 1314 2376 Hector

561 2466 617 2500 23.
639 2466 703 2499 dio.
983 2465 1037 2499 28.
1059 2467 1206 2498 cumbae.

1499 2333 1554 2375 10
1622 2351 1627 2353 ,,
