<?xml version="1.0" encoding="UTF-8"?>
<!DOCTYPE html PUBLIC "-//W3C//DTD XHTML 1.0 Transitional//EN"
    "http://www.w3.org/TR/xhtml1/DTD/xhtml1-transitional.dtd">
<html xmlns="http://www.w3.org/1999/xhtml" xml:lang="en" lang="en">
 <head>
  <title>
</title>
<meta http-equiv="Content-Type" content="text/html;charset=utf-8" />
  <meta name='ocr-system' content='tesseract 3.04.00' />
  <meta name='ocr-capabilities' content='ocr_page ocr_carea ocr_par ocr_line ocrx_word'/>
</head>
<body>
  <div class='ocr_page' id='page_1' title='image "./workswithenglis00horauoft_0175.png"; bbox 0 0 1650 2730; ppageno 0'>
   <div class='ocr_carea' id='block_1_1' title="bbox 538 157 1430 209">
    <p class='ocr_par' dir='ltr' id='par_1_1' title="bbox 538 157 1431 233">
     <span class='ocr_line' id='line_1_1' title="bbox 538 157 1430 209; baseline 0.003 -6"><span class='ocrx_word' id='word_1_1' title='bbox 538 169 784 203; x_wconf 72' lang='lat' dir='ltr'>mmtv.</span> <span class='ocrx_word' id='word_1_2' title='bbox 850 169 980 203; x_wconf 65' lang='lat' dir='ltr'>an</span> <span class='ocrx_word' id='word_1_3' title='bbox 1334 157 1430 209; x_wconf 82' lang='grc'>181</span> 
     </span>
    </p>
   </div>
   <div class='ocr_carea' id='block_1_2' title="bbox 593 355 923 396">
    <p class='ocr_par' dir='ltr' id='par_1_2' title="bbox 593 355 923 396">
     <span class='ocr_line' id='line_1_2' title="bbox 593 355 923 396; baseline -0.003 0"><span class='ocrx_word' id='word_1_4' title='bbox 593 356 832 396; x_wconf 80' lang='grc' dir='ltr'><strong>ΟΔΒΜΕΝ</strong></span> <span class='ocrx_word' id='word_1_5' title='bbox 871 355 923 395; x_wconf 83' lang='grc' dir='ltr'>Χ.</span> 
     </span>
    </p>
   </div>
   <div class='ocr_carea' id='block_1_3' title="bbox 489 476 1025 504">
    <p class='ocr_par' dir='ltr' id='par_1_3' title="bbox 489 476 1025 504">
     <span class='ocr_line' id='line_1_3' title="bbox 489 476 1025 504; baseline -0.002 -1"><span class='ocrx_word' id='word_1_6' title='bbox 489 477 567 503; x_wconf 78' lang='grc' dir='ltr'>ΔΙ)</span> <span class='ocrx_word' id='word_1_7' title='bbox 615 476 1025 504; x_wconf 67' lang='lat' dir='ltr'>LIGURINUM.</span> 
     </span>
    </p>
   </div>
   <div class='ocr_carea' id='block_1_4' title="bbox 104 568 1426 1089">
    <p class='ocr_par' dir='ltr' id='par_1_4' title="bbox 104 568 1305 700">
     <span class='ocr_line' id='line_1_4' title="bbox 104 568 1305 635; baseline 0 -13"><span class='ocrx_word' id='word_1_8' title='bbox 104 627 106 629; x_wconf 41' lang='grc'>,</span> <span class='ocrx_word' id='word_1_9' title='bbox 195 583 236 623; x_wconf 91' lang='grc' dir='ltr'>Ο</span> <span class='ocrx_word' id='word_1_10' title='bbox 255 582 439 622; x_wconf 86' lang='lat' dir='ltr'>crudelis</span> <span class='ocrx_word' id='word_1_11' title='bbox 458 581 602 622; x_wconf 78' lang='lat' dir='ltr'>adhuc</span> <span class='ocrx_word' id='word_1_12' title='bbox 620 589 663 622; x_wconf 87' lang='lat' dir='ltr'>et</span> <span class='ocrx_word' id='word_1_13' title='bbox 681 581 857 622; x_wconf 83' lang='lat' dir='ltr'>Veneris</span> <span class='ocrx_word' id='word_1_14' title='bbox 877 568 1127 623; x_wconf 82' lang='lat' dir='ltr'>muneribus</span> <span class='ocrx_word' id='word_1_15' title='bbox 1145 588 1305 635; x_wconf 81' lang='lat' dir='ltr'>potens,</span> 
     </span>
     <span class='ocr_line' id='line_1_5' title="bbox 139 647 1176 707; baseline -0.002 -18"><span class='ocrx_word' id='word_1_16' title='bbox 139 647 359 700; x_wconf 78' lang='lat' dir='ltr'>Insperata</span> <span class='ocrx_word' id='word_1_17' title='bbox 375 653 477 687; x_wconf 87' lang='lat' dir='ltr'>tuae</span> <span class='ocrx_word' id='word_1_18' title='bbox 495 659 598 687; x_wconf 88' lang='lat' dir='ltr'>cum</span> <span class='ocrx_word' id='word_1_19' title='bbox 616 647 758 687; x_wconf 83' lang='lat' dir='ltr'>veniet</span> <span class='ocrx_word' id='word_1_20' title='bbox 776 647 925 707; x_wconf 85' lang='lat' dir='ltr'>pluma</span> <span class='ocrx_word' id='word_1_21' title='bbox 945 647 1176 706; x_wconf 83' lang='lat' dir='ltr'>superbiae,</span> 
     </span>
    </p>

    <p class='ocr_par' dir='ltr' id='par_1_5' title="bbox 138 697 1378 766">
     <span class='ocr_line' id='line_1_6' title="bbox 138 697 1378 766; baseline -0.001 -12"><span class='ocrx_word' id='word_1_22' title='bbox 138 713 209 764; x_wconf 85' lang='lat' dir='ltr'>Et,</span> <span class='ocrx_word' id='word_1_23' title='bbox 229 725 341 766; x_wconf 83' lang='lat' dir='ltr'>quae</span> <span class='ocrx_word' id='word_1_24' title='bbox 360 725 477 753; x_wconf 86' lang='lat' dir='ltr'>nunc</span> <span class='ocrx_word' id='word_1_25' title='bbox 497 712 685 752; x_wconf 85' lang='lat' dir='ltr'>humeris</span> <span class='ocrx_word' id='word_1_26' title='bbox 705 697 942 763; x_wconf 76' lang='lat' dir='ltr'>involitant,</span> <span class='ocrx_word' id='word_1_27' title='bbox 963 711 1198 752; x_wconf 83' lang='lat' dir='ltr'>deciderint</span> <span class='ocrx_word' id='word_1_28' title='bbox 1217 724 1378 764; x_wconf 82' lang='lat' dir='ltr'>comae,</span> 
     </span>
    </p>

    <p class='ocr_par' dir='ltr' id='par_1_6' title="bbox 139 776 1265 830">
     <span class='ocr_line' id='line_1_7' title="bbox 139 776 1265 830; baseline -0.002 -11"><span class='ocrx_word' id='word_1_29' title='bbox 139 778 268 819; x_wconf 82' lang='lat' dir='ltr'>Nunc</span> <span class='ocrx_word' id='word_1_30' title='bbox 285 784 328 818; x_wconf 85' lang='lat' dir='ltr'>et</span> <span class='ocrx_word' id='word_1_31' title='bbox 346 778 422 830; x_wconf 84' lang='lat' dir='ltr'>qui</span> <span class='ocrx_word' id='word_1_32' title='bbox 440 777 553 817; x_wconf 88' lang='lat' dir='ltr'>color</span> <span class='ocrx_word' id='word_1_33' title='bbox 571 784 636 816; x_wconf 88' lang='lat' dir='ltr'>est</span> <span class='ocrx_word' id='word_1_34' title='bbox 654 778 861 830; x_wconf 83' lang='lat' dir='ltr'>puniceae</span> <span class='ocrx_word' id='word_1_35' title='bbox 883 776 984 818; x_wconf 87' lang='lat' dir='ltr'>flore</span> <span class='ocrx_word' id='word_1_36' title='bbox 1004 778 1115 830; x_wconf 90' lang='lat' dir='ltr'>prior</span> <span class='ocrx_word' id='word_1_37' title='bbox 1134 789 1265 828; x_wconf 86' lang='lat' dir='ltr'>rosae,</span> 
     </span>
    </p>

    <p class='ocr_par' dir='ltr' id='par_1_7' title="bbox 139 841 1426 904">
     <span class='ocr_line' id='line_1_8' title="bbox 139 841 1426 904; baseline 0 -21"><span class='ocrx_word' id='word_1_38' title='bbox 139 843 334 883; x_wconf 84' lang='lat' dir='ltr'><strong>Mutatus</strong></span> <span class='ocrx_word' id='word_1_39' title='bbox 352 842 639 895; x_wconf 88' lang='lat' dir='ltr'>Ligurinum</span> <span class='ocrx_word' id='word_1_40' title='bbox 627 855 673 882; x_wconf 89' lang='lat' dir='ltr'>m</span> <span class='ocrx_word' id='word_1_41' title='bbox 692 841 847 882; x_wconf 84' lang='lat' dir='ltr'>faeiem</span> <span class='ocrx_word' id='word_1_42' title='bbox 865 842 1035 882; x_wconf 86' lang='lat' dir='ltr'>verterit</span> <span class='ocrx_word' id='word_1_43' title='bbox 1053 841 1279 904; x_wconf 83' lang='lat' dir='ltr'>hispidam,</span> <span class='ocrx_word' id='word_1_44' title='bbox 1396 841 1426 883; x_wconf 82' lang='lat'><strong>5</strong></span> 
     </span>
    </p>

    <p class='ocr_par' dir='ltr' id='par_1_8' title="bbox 138 892 1265 967">
     <span class='ocr_line' id='line_1_9' title="bbox 138 892 1265 967; baseline 0 -20"><span class='ocrx_word' id='word_1_45' title='bbox 138 907 280 958; x_wconf 63' lang='lat' dir='ltr'>Dieae,</span> <span class='ocrx_word' id='word_1_46' title='bbox 299 908 411 948; x_wconf 90' lang='lat' dir='ltr'>heu!</span> <span class='ocrx_word' id='word_1_47' title='bbox 441 908 626 967; x_wconf 89' lang='lat' dir='ltr'>quoties</span> <span class='ocrx_word' id='word_1_48' title='bbox 628 914 668 947; x_wconf 89' lang='lat' dir='ltr'>te</span> <span class='ocrx_word' id='word_1_49' title='bbox 689 907 863 960; x_wconf 79' lang='lat' dir='ltr'>speculo</span> <span class='ocrx_word' id='word_1_50' title='bbox 882 907 1040 947; x_wconf 83' lang='lat' dir='ltr'>videris</span> <span class='ocrx_word' id='word_1_51' title='bbox 1059 892 1265 948; x_wconf 66' lang='lat' dir='ltr'>interum:</span> 
     </span>
    </p>

    <p class='ocr_par' dir='ltr' id='par_1_9' title="bbox 137 958 1303 1028">
     <span class='ocr_line' id='line_1_10' title="bbox 137 958 1303 1028; baseline -0.002 -14"><span class='ocrx_word' id='word_1_52' title='bbox 137 972 268 1016; x_wconf 74' lang='lat' dir='ltr'>Quae</span> <span class='ocrx_word' id='word_1_53' title='bbox 286 985 408 1012; x_wconf 89' lang='lat' dir='ltr'>mens</span> <span class='ocrx_word' id='word_1_54' title='bbox 426 979 491 1012; x_wconf 91' lang='lat' dir='ltr'>est</span> <span class='ocrx_word' id='word_1_55' title='bbox 508 958 646 1023; x_wconf 76' lang='lat' dir='ltr'>hddie,</span> <span class='ocrx_word' id='word_1_56' title='bbox 666 985 744 1012; x_wconf 88' lang='lat' dir='ltr'>cur</span> <span class='ocrx_word' id='word_1_57' title='bbox 761 972 913 1012; x_wconf 84' lang='lat' dir='ltr'>eadem</span> <span class='ocrx_word' id='word_1_58' title='bbox 931 985 1020 1013; x_wconf 90' lang='lat' dir='ltr'>non</span> <span class='ocrx_word' id='word_1_59' title='bbox 1039 985 1171 1028; x_wconf 86' lang='lat' dir='ltr'>puero</span> <span class='ocrx_word' id='word_1_60' title='bbox 1188 971 1297 1012; x_wconf 88' lang='lat' dir='ltr'>fuit.</span> <span class='ocrx_word' id='word_1_61' title='bbox 1282 971 1303 1000; x_wconf 76' lang='lat'>‘²</span> 
     </span>
    </p>

    <p class='ocr_par' dir='ltr' id='par_1_10' title="bbox 138 1025 1314 1089">
     <span class='ocr_line' id='line_1_11' title="bbox 138 1025 1314 1089; baseline 0 -12"><span class='ocrx_word' id='word_1_62' title='bbox 138 1036 217 1077; x_wconf 84' lang='lat' dir='ltr'>Vel</span> <span class='ocrx_word' id='word_1_63' title='bbox 235 1049 312 1077; x_wconf 84' lang='lat' dir='ltr'>eur</span> <span class='ocrx_word' id='word_1_64' title='bbox 329 1037 397 1077; x_wconf 88' lang='lat' dir='ltr'>his</span> <span class='ocrx_word' id='word_1_65' title='bbox 415 1037 571 1077; x_wconf 88' lang='lat' dir='ltr'>animis</span> <span class='ocrx_word' id='word_1_66' title='bbox 589 1037 824 1077; x_wconf 78' lang='lat' dir='ltr'>incolumes</span> <span class='ocrx_word' id='word_1_67' title='bbox 843 1050 931 1078; x_wconf 89' lang='lat' dir='ltr'>non</span> <span class='ocrx_word' id='word_1_68' title='bbox 949 1025 1128 1078; x_wconf 84' lang='lat' dir='ltr'>redeunt</span> <span class='ocrx_word' id='word_1_69' title='bbox 1147 1035 1314 1089; x_wconf 70' lang='lat' dir='ltr'>genae&#39;l</span> 
     </span>
    </p>
   </div>
   <div class='ocr_carea' id='block_1_5' title="bbox 675 1220 864 1230">
    <p class='ocr_par' dir='ltr' id='par_1_11' title="bbox 675 1220 864 1230">
     <span class='ocr_line' id='line_1_12' title="bbox 675 1220 864 1230; baseline -0.005 -3"><span class='ocrx_word' id='word_1_70' title='bbox 675 1220 832 1230; x_wconf 84' lang='lat'>——</span> <span class='ocrx_word' id='word_1_71' title='bbox 861 1225 864 1226; x_wconf 21' lang='grc' dir='ltr'><em>γ</em></span> 
     </span>
    </p>
   </div>
   <div class='ocr_carea' id='block_1_6' title="bbox 475 1341 1071 1515">
    <p class='ocr_par' dir='ltr' id='par_1_12' title="bbox 475 1341 1071 1515">
     <span class='ocr_line' id='line_1_13' title="bbox 579 1341 1071 1407; baseline -0.002 0"><span class='ocrx_word' id='word_1_72' title='bbox 579 1342 817 1407; x_wconf 59' lang='lat' dir='ltr'>omnm</span> <span class='ocrx_word' id='word_1_73' title='bbox 852 1341 979 1406; x_wconf 65' lang='lat' dir='ltr'>x&#39;I&#39;</span> <span class='ocrx_word' id='word_1_74' title='bbox 1040 1347 1071 1355; x_wconf 44' lang='lat'>&#39;⁸</span> 
     </span>
     <span class='ocr_line' id='line_1_14' title="bbox 475 1458 1026 1515; baseline 0 -1"><span class='ocrx_word' id='word_1_75' title='bbox 475 1486 554 1514; x_wconf 79' lang='lat' dir='ltr'>AD</span> <span class='ocrx_word' id='word_1_76' title='bbox 602 1458 1026 1515; x_wconf 46' lang='lat' dir='ltr'><strong>PHYLLID—EM.</strong></span> 
     </span>
    </p>
   </div>
   <div class='ocr_carea' id='block_1_7' title="bbox 328 1590 1170 1828">
    <p class='ocr_par' dir='ltr' id='par_1_13' title="bbox 330 1582 1170 1646">
     <span class='ocr_line' id='line_1_15' title="bbox 330 1590 1170 1646; baseline 0.002 -14"><span class='ocrx_word' id='word_1_77' title='bbox 330 1591 413 1633; x_wconf 86' lang='lat' dir='ltr'>Est</span> <span class='ocrx_word' id='word_1_78' title='bbox 431 1592 538 1632; x_wconf 87' lang='lat' dir='ltr'>mihi</span> <span class='ocrx_word' id='word_1_79' title='bbox 556 1605 721 1633; x_wconf 87' lang='lat' dir='ltr'>nonum</span> <span class='ocrx_word' id='word_1_80' title='bbox 740 1593 977 1646; x_wconf 82' lang='lat' dir='ltr'>superantis</span> <span class='ocrx_word' id='word_1_81' title='bbox 996 1590 1170 1634; x_wconf 84' lang='lat' dir='ltr'>annum</span> 
     </span>
    </p>

    <p class='ocr_par' dir='ltr' id='par_1_14' title="bbox 329 1657 1159 1710">
     <span class='ocr_line' id='line_1_16' title="bbox 329 1657 1159 1710; baseline 0.001 -13"><span class='ocrx_word' id='word_1_82' title='bbox 329 1657 490 1698; x_wconf 92' lang='lat' dir='ltr'>Plenus</span> <span class='ocrx_word' id='word_1_83' title='bbox 509 1657 666 1698; x_wconf 81' lang='lat' dir='ltr'><strong>Albam·</strong></span> <span class='ocrx_word' id='word_1_84' title='bbox 685 1658 845 1710; x_wconf 80' lang='lat' dir='ltr'>cadus3</span> <span class='ocrx_word' id='word_1_85' title='bbox 874 1665 941 1698; x_wconf 76' lang='lat' dir='ltr'>&#39;est</span> <span class='ocrx_word' id='word_1_86' title='bbox 959 1659 1005 1698; x_wconf 88' lang='lat' dir='ltr'>in</span> <span class='ocrx_word' id='word_1_87' title='bbox 1024 1659 1159 1709; x_wconf 85' lang='lat' dir='ltr'>horto,</span> 
     </span>
    </p>

    <p class='ocr_par' dir='ltr' id='par_1_15' title="bbox 328 1722 1103 1828">
     <span class='ocr_line' id='line_1_17' title="bbox 328 1722 1103 1776; baseline 0.003 -14"><span class='ocrx_word' id='word_1_88' title='bbox 328 1722 485 1775; x_wconf 87' lang='lat' dir='ltr'>Phylli,</span> <span class='ocrx_word' id='word_1_89' title='bbox 507 1722 726 1763; x_wconf 80' lang='lat' dir='ltr'>nectendis</span> <span class='ocrx_word' id='word_1_90' title='bbox 745 1723 893 1776; x_wconf 88' lang='lat' dir='ltr'>apium</span> <span class='ocrx_word' id='word_1_91' title='bbox 911 1724 1103 1776; x_wconf 77' lang='lat' dir='ltr'>eoroni83</span> 
     </span>
     <span class='ocr_line' id='line_1_18' title="bbox 440 1787 806 1828; baseline 0 0"><span class='ocrx_word' id='word_1_92' title='bbox 440 1788 522 1828; x_wconf 91' lang='lat' dir='ltr'>Est</span> <span class='ocrx_word' id='word_1_93' title='bbox 538 1787 721 1828; x_wconf 85' lang='lat' dir='ltr'>hederae</span> <span class='ocrx_word' id='word_1_94' title='bbox 738 1788 806 1828; x_wconf 81' lang='lat' dir='ltr'>vis</span> 
     </span>
    </p>
   </div>
   <div class='ocr_carea' id='block_1_8' title="bbox 330 1902 1421 2086">
    <p class='ocr_par' dir='ltr' id='par_1_16' title="bbox 330 1902 1421 2086">
     <span class='ocr_line' id='line_1_19' title="bbox 330 1902 1421 1970; baseline 0.002 -14"><span class='ocrx_word' id='word_1_95' title='bbox 330 1916 482 1968; x_wconf 81' lang='lat' dir='ltr'>Multa,</span> <span class='ocrx_word' id='word_1_96' title='bbox 502 1929 591 1969; x_wconf 86' lang='lat' dir='ltr'>qua</span> <span class='ocrx_word' id='word_1_97' title='bbox 608 1917 746 1957; x_wconf 73' lang='lat' dir='ltr'>crines</span> <span class='ocrx_word' id='word_1_98' title='bbox 766 1917 943 1970; x_wconf 84' lang='lat' dir='ltr'>religata</span> <span class='ocrx_word' id='word_1_99' title='bbox 962 1916 1103 1970; x_wconf 68' lang='lat' dir='ltr'>fulgae</span> <span class='ocrx_word' id='word_1_100' title='bbox 1117 1902 1151 1970; x_wconf 45' lang='grc' dir='ltr'>;γ</span> <span class='ocrx_word' id='word_1_101' title='bbox 1392 1917 1421 1958; x_wconf 81' lang='lat'><strong>5</strong></span> 
     </span>
     <span class='ocr_line' id='line_1_20' title="bbox 331 1981 1102 2034; baseline 0 -12"><span class='ocrx_word' id='word_1_102' title='bbox 331 1981 459 2022; x_wconf 87' lang='lat' dir='ltr'>Ridet</span> <span class='ocrx_word' id='word_1_103' title='bbox 477 1988 651 2034; x_wconf 84' lang='lat' dir='ltr'>argento</span> <span class='ocrx_word' id='word_1_104' title='bbox 670 1981 847 2033; x_wconf 82' lang='lat' dir='ltr'>domus3</span> <span class='ocrx_word' id='word_1_105' title='bbox 879 1995 954 2022; x_wconf 83' lang='lat' dir='ltr'>ara</span> <span class='ocrx_word' id='word_1_106' title='bbox 972 1982 1102 2023; x_wconf 77' lang='lat' dir='ltr'>castis</span> 
     </span>
     <span class='ocr_line' id='line_1_21' title="bbox 330 2044 1054 2086; baseline 0.001 -1"><span class='ocrx_word' id='word_1_107' title='bbox 330 2044 484 2085; x_wconf 83' lang='lat' dir='ltr'>Vincta</span> <span class='ocrx_word' id='word_1_108' title='bbox 503 2046 698 2085; x_wconf 83' lang='lat' dir='ltr'>verbenis</span> <span class='ocrx_word' id='word_1_109' title='bbox 718 2052 817 2086; x_wconf 86' lang='lat' dir='ltr'>avet</span> <span class='ocrx_word' id='word_1_110' title='bbox 834 2046 1054 2086; x_wconf 86' lang='lat' dir='ltr'>immolato</span> 
     </span>
    </p>
   </div>
   <div class='ocr_carea' id='block_1_9' title="bbox 440 2110 924 2175">
    <p class='ocr_par' dir='ltr' id='par_1_17' title="bbox 440 2110 924 2175">
     <span class='ocr_line' id='line_1_22' title="bbox 440 2110 924 2175; baseline -0.002 -24"><span class='ocrx_word' id='word_1_111' title='bbox 440 2110 637 2163; x_wconf 81' lang='lat' dir='ltr'>Spargier</span> <span class='ocrx_word' id='word_1_112' title='bbox 654 2123 767 2163; x_wconf 80' lang='lat' dir='ltr'>agno</span> <span class='ocrx_word' id='word_1_113' title='bbox 780 2125 791 2163; x_wconf 83' lang='lat'><em>3</em></span> <span class='ocrx_word' id='word_1_114' title='bbox 900 2159 924 2175; x_wconf 27' lang='grc' dir='ltr'>,Ἴ</span> 
     </span>
    </p>
   </div>
   <div class='ocr_carea' id='block_1_10' title="bbox 334 2234 1422 2358">
    <p class='ocr_par' dir='ltr' id='par_1_18' title="bbox 334 2234 1422 2358">
     <span class='ocr_line' id='line_1_23' title="bbox 334 2234 1164 2290; baseline 0.007 -16"><span class='ocrx_word' id='word_1_115' title='bbox 334 2234 502 2276; x_wconf 73' lang='lat' dir='ltr'>Gimcta</span> <span class='ocrx_word' id='word_1_116' title='bbox 518 2236 690 2279; x_wconf 66' lang='lat' dir='ltr'>foetinat</span> <span class='ocrx_word' id='word_1_117' title='bbox 707 2252 875 2290; x_wconf 86' lang='lat' dir='ltr'>manus,</span> <span class='ocrx_word' id='word_1_118' title='bbox 895 2240 982 2280; x_wconf 81' lang='lat' dir='ltr'>huo</span> <span class='ocrx_word' id='word_1_119' title='bbox 1001 2246 1044 2280; x_wconf 84' lang='lat' dir='ltr'>et</span> <span class='ocrx_word' id='word_1_120' title='bbox 1062 2239 1164 2280; x_wconf 84' lang='lat' dir='ltr'>illuc</span> 
     </span>
     <span class='ocr_line' id='line_1_24' title="bbox 335 2299 1422 2358; baseline 0.004 -19"><span class='ocrx_word' id='word_1_121' title='bbox 335 2299 554 2340; x_wconf 78' lang='lat' dir='ltr'>Cmsitant</span> <span class='ocrx_word' id='word_1_122' title='bbox 570 2302 731 2344; x_wconf 75' lang='lat' dir='ltr'>mixtae</span> <span class='ocrx_word' id='word_1_123' title='bbox 750 2306 892 2357; x_wconf 83' lang='lat' dir='ltr'>pueris</span> <span class='ocrx_word' id='word_1_124' title='bbox 911 2304 1103 2358; x_wconf 82' lang='lat' dir='ltr'>puellae3</span> <span class='ocrx_word' id='word_1_125' title='bbox 1367 2302 1422 2343; x_wconf 90' lang='grc'>10</span> 
     </span>
    </p>
   </div>
  </div>
 </body>
</html>
