1612 2716
112 165 208 211 202
649 175 935 208 sumnum

170 280 362 334 Contigit
372 279 508 320 ’.ῑ-Αῐ
529 292 678 331 sermo,
700 279 850 333 lingua
869 279 1108 319 concinnus
1129 284 1321 331 utraque,

167 347 364 398 Suavior,
387 353 435 386 ut
456 346 565 386 Chio
586 353 687 385 nota
708 346 743 386 si
763 345 1000 386 commixta
1021 345 1195 386 Falerni
1215 352 1349 385 est.—

168 414 283 454 Cum
303 425 452 453 versus
473 411 618 463 facias,
641 419 681 451 te
703 412 845 464 ipsum
865 417 1094 464 percontor,
1115 423 1174 452 an
1191 418 1234 452 et
1252 423 1357 452 cum
1411 410 1468 451 25

168 479 291 520 Dura
311 479 387 519 tibi
407 477 650 531 peragenda
671 478 729 518 rei
750 479 805 518 sit
823 491 958 518 causa
980 477 1151 518 Peti1112

168 544 340 586 Scilicet
360 544 516 584 oblitus
537 544 783 597 patriaeque
804 545 1032 597 patrisque,
1054 543 1208 584 Latine

169 611 284 651 Cum
305 609 465 650 Pedius
484 622 641 649 causas
662 609 846 649 exsudet
866 609 1084 662 Poplicola
1103 615 1235 662 atque

168 675 394 727 Corvinus,
416 675 561 728 patriis
583 675 867 715 intermiscere
887 675 1019 728 petita

167 741 309 783 Verba
328 740 428 782 foris
449 741 587 791 malis,
611 741 822 781 Canusini
842 753 957 781 more
977 740 1181 793 bilinguis
1193 739 1213 780 ’.ἲ
1415 737 1473 780 30

167 807 302 860 Atqui
322 820 402 861 ego
421 820 524 847 cum
546 806 732 847 Graecos
753 806 948 857 facerem,
970 812 1102 846 natus
1120 818 1239 847 mare
1257 805 1376 857 citra,

168 873 423 924 Versiculos,
445 873 583 912 vetuit
603 886 672 912 me
693 872 769 912 tali
789 885 894 912 voce
915 872 1143 923 Quirinus,
1161 909 1167 914 .

168 938 272 979 Post
291 938 482 979 mediam
501 946 673 979 noctem
692 939 824 989 visus,
845 951 949 978 curn
969 938 1137 978 somnia
1155 950 1283 978 vera:

169 1005 223 1045 In
243 1004 399 1045 silvam
419 1017 507 1044 non
528 1005 647 1058 ligna
667 1004 777 1044 feras
798 1004 1007 1055 insanius,
1028 1016 1080 1044 ac
1100 1005 1138 1044 si

169 1070 355 1123 Magnas
377 1071 639 1111 Graecorum
659 1070 788 1110 malis
807 1069 982 1122 implere
1001 1075 1208 1109 catervas.
1416 1067 1473 1110 35

169 1136 398 1190 Turgidus
418 1136 604 1189 Alpinus
619 1136 794 1190 jugulat
813 1135 920 1176 dum
941 1135 1188 1186 Memnona⁷
1209 1133 1404 1187 dumque
1602 1140 1612 1183 j

169 1201 364 1255 Defingit
383 1202 526 1242 Rheni
548 1202 715 1242 luteum
734 1208 876 1255 caput,
898 1201 1006 1241 haec
1026 1213 1106 1254 ego
1126 1200 1240 1252 ludo,
1610 1204 1612 1207 “

168 1268 300 1313 Quae
320 1280 460 1320 neque
481 1268 526 1308 in
547 1268 653 1308 aede
674 1274 826 1308 sonent
845 1267 1062 1318 certantia,
1078 1266 1224 1321 judice
1243 1265 1405 1319 Tarpa,

171 1333 263 1374 Nec
283 1333 458 1373 redeant
479 1334 637 1374 iterum>
654 1339 784 1386 atque
805 1334 959 1374 iterum
979 1332 1216 1385 spectanda
1235 1332 1424 1372 theatris.
1604 1334 1612 1407 ἑ

171 1400 339 1452 Arguta
360 1400 576 1439 meretrice
597 1406 716 1451 potes
740 1399 952 1450 Davoque
973 1399 1204 1438 Chremeta
1415 1395 1474 1438 40
1607 1444 1612 1450 1

171 1465 389 1505 Eludente
411 1478 559 1504 senem
579 1465 712 1504 cornis
733 1464 889 1516 garrire
911 1463 1088 1514 libellos,
1604 1474 1612 1525 ἑ

170 1530 297 1571 Unus
318 1531 528 1580 vivorum,
551 1529 782 1582 Fundani;
815 1529 951 1569 Pollio
970 1541 1122 1582 regum
1602 1528 1612 1564 i

172 1596 310 1635 Facta
330 1596 456 1646 canit,
478 1595 585 1648 pede
608 1604 667 1635 ter
687 1607 911 1647 percusso;
943 1594 1047 1634 forte
1067 1607 1169 1647 epos
1188 1606 1296 1646 acer,

171 1660 232 1701 Ut
251 1673 388 1710 nemo,
412 1661 566 1701 Varius
589 1660 731 1711 ducit;
763 1660 891 1699 molle
912 1667 1040 1711 atque
1060 1658 1248 1700 facetum

172 1726 348 1779 Virgilio
369 1732 616 1765 annuerunt
636 1725 874 1778 gaudentes
896 1738 992 1764 rure
1015 1725 1245 1766 Camenae.
1414 1726 1472 1767 45

173 1791 268 1831 Hoc
289 1797 388 1841 erat,
413 1797 585 1843 experto
606 1790 762 1830 frustra
783 1791 968 1831 Varrone
990 1791 1172 1831 Atacino

171 1857 316 1909 Atque
337 1856 599 1908 quibusdam
620 1856 726 1907 aliis,
749 1856 903 1896 melius
924 1856 1039 1909 quod
1062 1857 1242 1897 scribere
1261 1869 1443 1911 possem,

172 1922 398 1963 Inventore
419 1923 579 1974 minor;
614 1935 752 1974 neque
773 1935 851 1975 ego
867 1922 927 1962 illi
949 1922 1168 1963 detrahere
1189 1923 1332 1963 ausim

107 1989 111 1991 ’
143 1989 146 1991 ’
173 1988 434 2029 Haerentem
455 1989 584 2041 capiti
604 2001 706 2028 cum
727 1988 866 2028 multa
888 1988 1014 2028 laude
1034 2001 1247 2029 coronam.

174 2054 233 2095 At
252 2053 355 2105 dixi,
378 2053 510 2094 fluere
532 2055 651 2094 hunc
672 2054 944 2104 lutulentum,
967 2066 1093 2106 saepe
1113 2053 1320 2094 ferentem
1417 2054 1474 2095 50

175 2120 308 2161 Plura
327 2120 502 2172 quidem
523 2120 711 2160 tollenda
731 2118 1195 2172 relinquendis—Age,
1215 2132 1388 2173 quaeso,

176 2186 252 2227 Tu
272 2186 381 2226 nihil
402 2186 446 2226 in
467 2199 626 2240 magno
646 2186 798 2226 doctus
819 2184 1090 2237 reprehendis
1110 2185 1296 2226 Homero
1308 2185 1329 2226 21

175 2252 258 2293 Nil·
270 2252 403 2292 comis
424 2253 573 2306 tragici
594 2258 734 2293 mutat
753 2251 949 2292 Lucilius
970 2252 1071 2303 Atti,

174 2412 210 2446 S.
223 2422 257 2446 x.
271 2412 326 2445 27.
349 2415 508 2454 patrisque
524 2413 645 2446 Latini.
731 2413 784 2445 31.
809 2411 928 2452 Atque,
945 2412 1099 2445 Orelliuu.
1186 2412 1240 2445 3⁷.
1264 2409 1422 2452 Diffingit.

555 2468 611 2500 45.
635 2472 834 2505 annaei-anu
857 2467 1036 2498 annuerint.
