1650 2730
207 157 274 210 ‘14

741 171 1008 205 mmmmm

473 275 565 318 Iras
585 280 627 316 et
646 275 837 316 invisum
855 280 1064 328 nepotem,
1263 306 1266 307 γ

456 376 458 378 ,
531 341 690 383 Troica
707 353 839 394 quem
858 341 1019 394 peperit
1037 341 1247 395 sacerdos,

417 471 548 513 Marti
567 470 805 524 redonab03
836 471 962 512 illum
980 484 1059 525 ego
1079 471 1247 514 lucidas

418 537 530 578 Inire
550 536 683 588 sedes,
706 536 860 576 ducere
881 537 1063 577 nectaris

471 601 646 652 Succos
667 606 710 641 et
728 600 912 641 adscribi
931 601 1085 654 quietis
1499 600 1556 643 35

531 666 764 707 Ordinibus
782 666 921 719 patiar
939 665 1130 708 deorum.

417 794 538 835 Dum
558 795 713 849 longus
733 795 842 836 inter
861 795 1026 836 saeviat
1045 795 1157 837 Ilion

414 860 686 913 Romamque
706 866 873 913 pontus,
894 861 1084 913 qualibet
1103 860 1275 902 exsules

468 925 523 967 In
541 931 660 978 parte
680 932 887 979 regnanto
906 926 1044 979 beati3

529 990 651 1032 Dum
669 991 829 1032 Priami
848 991 1099 1045 Paridisque
1118 991 1246 1033 busto
1497 990 1559 1033 40

416 1120 600 1161 Insultet
618 1126 863 1163 armentum
881 1127 923 1163 et
942 1121 1108 1162 catulos
1126 1120 1241 1163 ferae

418 1185 569 1226 Celent
587 1186 761 1238 inultae,
784 1192 865 1226 stet
885 1186 1148 1240 Capitolium

477 1250 670 1304 Fulgens
690 1251 1049 1305 triumphatisque
1067 1251 1204 1305 possit

530 1316 672 1357 Roma
690 1316 811 1357 ferox
830 1316 931 1357 dare
944 1318 1044 1371 jura
1062 1316 1215 1358 Medis.

413 1445 636 1485 Horrenda
655 1444 740 1484 late
759 1457 918 1484 nomen
937 1444 982 1484 in
1002 1444 1179 1487 ultimas
1494 1444 1552 1488 45

412 1498 635 1550 Extendat
653 1521 759 1559 oras,
781 1521 870 1560 qua
889 1508 1057 1548 medius
1077 1509 1216 1563 liquor

470 1574 662 1616 Seeerm't
680 1573 884 1626 Europen
904 1574 959 1614 ab
978 1573 1094 1626 Afro,

523 1639 631 1684 Qua
649 1638 842 1680 tumidus
861 1638 972 1692 rigat
990 1651 1096 1680 arva
1113 1637 1254 1691 Nilus,

410 1770 580 1811 Aurum
599 1769 847 1823 irrepertum
867 1776 908 1810 et
927 1770 988 1811 sic
1007 1770 1163 1811 melius
1183 1770 1326 1823 situm,

411 1835 526 1876 Cum
545 1841 655 1875 terra
674 1835 795 1886 celat,
819 1848 1012 1888 spernere
1031 1835 1184 1887 sortior,
1492 1834 1550 1876 50

468 1900 621 1945 Quam
640 1912 788 1953 cogere
810 1901 1027 1941 humanos
1047 1901 1093 1941 in
1112 1912 1220 1940 usus

525 1964 666 2006 Omne
687 1977 860 2006 sacrum
877 1965 1067 2018 rapiente
1087 1963 1250 2004 dextra.

411 2083 679 2136 Quicunque
698 2083 862 2124 mundo
881 2082 1089 2122 terminus
1108 2081 1279 2135 obstitit,

412 2147 543 2188 Hunc
563 2154 713 2200 tangat
732 2147 871 2198 armis,
892 2147 1028 2186 visere
1049 2146 1234 2199 gestiens

466 2213 572 2257 Qua
591 2218 708 2264 parte
728 2211 1044 2251 debacchentur
1063 2211 1195 2264 ignes,
1490 2211 1546 2253 55

524 2277 631 2322 Qua
649 2275 832 2317 nebulae
852 2275 1073 2330 pluviique
1092 2287 1216 2316 rores.

319 2366 374 2429 32}
397 2395 510 2431 Troia.
683 2395 738 2428 34.
761 2395 892 2427 discere.
1066 2396 1120 2428 35.
1144 2394 1258 2435 Sueos,
1273 2394 1427 2428 Orellim.

692 2449 748 2481 54.
771 2454 894 2489 tanget,
910 2448 1064 2481 Orelziue.
