1612 2716
150 182 245 229 192
680 193 967 227 summum

148 298 207 342 At
226 297 394 340 Novius
414 296 582 351 collega
601 297 739 351 gradu
759 305 854 351 pos-t
874 311 943 339 me
964 299 1082 339 sedet
1101 311 1213 352 uno3
1446 298 1505 342 40

147 363 349 416 Namque
364 369 428 403 est
448 362 529 413 ille,
547 370 664 415 pater
679 363 794 415 quod
810 371 901 403 erat
921 365 1210 405 meus—Hoc
1222 364 1299 406 tibi
1318 363 1502 406 Paullus

146 428 206 471 Et
226 428 414 469 Messala
434 428 589 468 videris
601 429 620 468 ’.ῑ
679 429 736 468 At
757 430 837 480 hic,
859 429 894 469 si
915 430 1073 482 plostra
1093 429 1293 482 ducenta,

150 495 502 546 Concurrantque
524 493 611 533 foro
633 495 711 533 tria
731 494 894 545 funera,
918 495 1268 548 magna'sonabit

149 561 325 601 Cornua
345 559 460 611 quod
483 560 711 611 vincatque
733 561 858 600 tubas
877 575 886 612 ;
919 561 1072 600 saltem
1092 553 1207 601 tenet
1226 561 1308 601 hoc
1327 573 1418 602 nos,

150 626 277 666 Nunc
298 624 354 664 ad
375 638 443 664 me
464 625 589 664 redeo
610 625 804 665 libertino
825 634 942 679 patre
963 634 1127 678 natum,
1447 627 1503 669 45

148 691 296 736 Quem
316 689 472 730 rodunt
491 703 639 730 omncs
662 691 854 731 libertino
875 699 991 744 patre
1012 698 1176 743 natum,

147 755 289 807 Nunc,
310 755 413 807 quia
433 768 531 795 sum
551 756 637 807 tibi,
660 756 901 808 Maecenas,
923 757 1150 808 convictor,
1171 763 1216 798 at
1234 757 1348 810 olim,

147 819 282 865 Quod
302 820 408 860 mihi
428 828 592 873 pareret
613 822 721 874 legio
742 822 941 862 Romana
962 823 1142 863 tribuno.

149 885 367 925 Dissimile
388 886 469 925 hoc
491 886 552 925 illi
572 893 659 926 est:
690 887 794 939 quia
814 900 912 938 non,
935 895 982 927 ut
1002 887 1121 928 forsit
1141 888 1346 930 honorem

148 950 175 991 J
178 963 253 990 ure
273 950 381 990 mihi
402 951 593 991 invideat
613 952 767 1003 quivis,
790 952 850 991 ita
870 959 910 991 te
930 965 1101 1004 quoque
1121 952 1323 1005 amicum,
1449 953 1506 1001 50

147 1015 401 1056 Praesertim
421 1023 603 1056 cautum
624 1016 775 1070 dignos
797 1030 1025 1068 assumere,
1046 1030 1180 1070 prava

146 1081 389 1121 Ambitione
410 1081 570 1134 procul.
631 1082 823 1122 Felicem
843 1082 982 1122 dicere
1003 1095 1088 1122 non
1110 1083 1192 1123 hoc

147 1145 219 1186 Me
239 1146 410 1198 possim,
432 1159 538 1186 casu
558 1146 674 1198 quod
695 1153 734 1186 te
757 1147 928 1187 sortitus
949 1148 1166 1200 amicum3

146 1211 280 1252 Nulla
301 1212 459 1251 etenim
479 1212 586 1252 mihi
607 1220 647 1252 te
668 1211 752 1252 fors
773 1212 925 1252 obtulit
942 1226 951 1264 ;
983 1213 1169 1265 optimus
1189 1212 1292 1255 olim

146 1276 360 1330 Virgilius,
382 1284 476 1330 post
497 1278 615 1318 hunc
638 1277 792 1317 Varius
813 1277 961 1317 dixere
981 1277 1088 1330 quid
1107 1290 1259 1320 essem.
1447 1279 1505 1321 55

147 1341 208 1381 Ut
226 1342 326 1381 veni
346 1354 501 1392 coram,
525 1342 749 1394 singultim
768 1354 912 1394 pauca
935 1342 1114 1394 locutus,

148 1406 298 1446 Infans
319 1420 508 1459 namque
528 1407 665 1459 pudor
684 1407 934 1459 prohibebat
952 1407 1076 1459 plura
1095 1406 1261 1459 profari,

148 1472 247 1512 Non
268 1485 346 1525 ego
366 1485 435 1512 me
455 1473 570 1512 claro
590 1479 742 1511 natum
762 1478 890 1523 patre,
912 1484 998 1511 non
1019 1484 1098 1525 ego
1117 1472 1280 1513 circum

148 1537 221 1576 Me
242 1537 495 1578 Satureiano
516 1537 676 1576 vectari
694 1548 795 1576 rura
815 1536 994 1587 caballo,
1381 1585 1383 1587 ι

147 1601 245 1652 Sed,
267 1601 382 1654 quod
402 1614 530 1653 eram,
552 1614 686 1641 narr0.
747 1601 1008 1654 Respondes,
1031 1608 1080 1642 ut
1100 1607 1202 1642 tuus
1221 1607 1287 1642 est
1305 1614 1410 1655 mos,
1448 1602 1505 1644 60

149 1665 320 1719 Pauca;
353 1667 482 1719 abeo3
514 1673 556 1706 et
575 1679 750 1706 revocas
772 1678 883 1706 nono
903 1672 998 1718 post
1017 1678 1164 1706 mense
1178 1667 1392 1720 jubesque

149 1730 259 1770 Esse
279 1731 324 1770 in
344 1732 581 1771 amicorum
601 1743 791 1770 numero.
853 1731 1067 1783 Magnum
1087 1731 1168 1770 hoc
1188 1743 1267 1784 ego
1287 1731 1412 1784 duco,

148 1796 282 1841 Quod
301 1797 446 1849 placui
466 1796 552 1846 tibi,
573 1796 648 1848 qui
670 1796 782 1848 turpi
802 1796 985 1835 secernis
1005 1796 1248 1848 honestum,

150 1861 249 1903 Non
268 1868 385 1914 patre
406 1860 632 1914 praeclaro,
655 1860 730 1900 sed
751 1861 841 1901 vita
860 1868 902 1900 et
920 1867 1086 1913 pectore
1104 1873 1223 1913 puro.

149 1927 283 1980 Atqui
303 1927 338 1967 si
359 1927 472 1967 vitiis
493 1926 776 1967 mediocribus
797 1939 847 1966 ac
868 1939 965 1966 mea
984 1925 1136 1978 paucis
1445 1924 1502 1968 66

151 1991 362 2033 Mendosa
381 1998 445 2031 est
465 1998 629 2042 natura,
651 1991 811 2043 alioqui
832 1997 957 2041 recta,
978 1990 1099 2030 velut
1117 1990 1152 2029 si

151 2056 336 2110 Egi-egio
357 2056 566 2108 inspersos
587 2055 871 2108 reprehendas
892 2066 1060 2106 corpore
1080 2064 1253 2104 naevos,

151 2121 199 2163 Si
219 2133 358 2173 neque
378 2120 604 2160 avaritiam
625 2131 764 2171 neque
785 2118 929 2157 sordes
949 2123 1027 2157 aut
1046 2117 1162 2157 mala
1182 2117 1319 2158 lustra

153 2185 333 2239 objiciet
352 2196 448 2224 vere
469 2184 702 2235 quisquam
721 2182 839 2233 mihi,
862 2194 995 2234 purus
1015 2188 1057 2221 et
1077 2181 1236 2234 insons,

153 2250 214 2292 Ut
232 2262 301 2291 me
320 2247 575 2299 collaudem,
598 2247 634 2287 si
654 2253 696 2287 et
714 2246 816 2286 vivo
834 2258 961 2286 carus
981 2246 1155 2299 amicis3
1445 2245 1503 2288 'm

265 2408 318 2443 4⁷.
340 2409 414 2449 quia
428 2409 499 2440 eim.
587 2408 641 2440 49.
665 2406 781 2439 forsan.
870 2406 923 2438 53.
946 2417 1086 2446 possum.
1175 2406 1229 2444 66,
1250 2405 1401 2447 alioquin.

439 2461 491 2494 67.
514 2459 696 2501 reprendas.
786 2458 839 2492 68.
863 2469 903 2491 ac
917 2459 1026 2498 mala5
1047 2468 1108 2491 nec
1122 2458 1221 2491 mala.
