1612 2716
528 233 676 268 mum
705 233 759 268 11.
823 235 862 269 s,
893 236 966 270 111.
1317 223 1428 276 2111*

72 338 242 394 nugare
261 338 298 381 si
315 339 462 381 caules
481 338 574 380 oleo
593 338 764 381 meliore
782 346 997 394 caputque
1334 343 1414 384 125

71 407 268 460 Coeperis
287 407 459 460 impexa
478 407 652 447 foedum
672 407 910 460 porrigine?
966 408 1128 460 Quare,

69 473 119 514 Si
137 473 309 526 quidvis
329 474 432 513 satis
451 480 525 523 est,
547 474 744 526 perjuras,
765 474 950 526 surripis,
972 473 1115 513 aufers

70 537 303 590 Undique'!
360 538 477 578 'Fun’
496 538 659 578 sanus?
717 538 931 590 Populum
950 538 985 578 si
1005 538 1181 579 caedere
1200 540 1319 581 saxis

70 601 257 655 Incipias
274 615 503 655 servosque
523 610 630 654 tuoS,
651 615 759 655 quos
778 616 874 643 aere
894 605 1065 656 pararis,

70 667 280 708 Insanum
298 675 339 708 te
358 680 506 708 omnes
527 669 644 720 pueri
662 669 936 720 clamentque
957 669 1148 721 puellae:
1331 669 1413 711 130

70 732 183 773 Cum
203 732 358 786 laqueo
376 745 556 773 uxorem
575 733 780 773 interimis
801 741 1065 786 matremque
1086 746 1263 785 venem,

68 796 280 838 Incolumi
299 798 437 850 capite
455 797 535 838 es?
592 797 714 843 Quid
733 798 880 838 enim?
938 799 1090 851 Neque
1120 807 1167 839 tu
1197 799 1278 839 hoc
1306 797 1414 840 facis

69 926 160 967 Nec
179 925 287 968 ferro
306 934 355 968 ut
373 927 550 968 demens
570 927 818 980 genitricem
834 929 995 969 occidis
1015 929 1200 971 Orestes.

69 990 141 1031 An
159 997 209 1032 tu
226 992 328 1032 reris
347 1005 450 1032 eum
467 993 609 1032 occisa
629 993 839 1033 insanisse
860 1001 1043 1047 parente,

68 1055 134 1095 Ac
152 1068 240 1096 non
257 1062 358 1097 ante
375 1057 503 1097 malis
522 1057 764 1098 dementem
784 1065 931 1099 actum
951 1060 1105 1111 Furiis,
1126 1072 1261 1112 quam
1329 1060 1411 1102 135

67 1119 126 1160 In
139 1120 288 1160 matris
301 1121 453 1173 Jugulo
472 1121 632 1161 sermm
650 1123 845 1175 tepefecit
864 1131 1043 1163 acutum
1056 1124 1076 1163 '3

68 1185 202 1236 Quin,
222 1197 279 1224 ex
297 1197 383 1237 quo
402 1192 466 1224 est
485 1185 657 1225 habitus
678 1187 789 1226 male
806 1194 926 1227 tutae
946 1188 1101 1227 mentis
1119 1188 1303 1241 Orestes,

0 1292 2 1296 ,
67 1249 141 1290 Nil
160 1261 264 1289 sane
283 1248 392 1301 fecit,
412 1250 527 1302 quod
548 1257 596 1290 tu
614 1251 915 1303 reprehendere
935 1253 1094 1304 possis:

67 1313 167 1354 Non
186 1314 381 1367 Pyladen
400 1314 507 1354 ferro
526 1315 684 1354 violare
704 1328 892 1355 aususve
912 1328 1095 1356 sororem
1110 1322 1174 1356 est

67 1378 308 1419 Electram:
339 1386 507 1419 tantum
527 1379 744 1419 maledicit
763 1380 930 1432 utrique
949 1380 1144 1420 vocando
1326 1381 1410 1423 140

66 1442 192 1484 Hanc
213 1444 400 1495 Furiam,
422 1444 540 1484 hunc
559 1444 689 1495 aliud,
702 1445 832 1498 jussit
851 1445 965 1497 quod
985 1445 1210 1498 splendida
1228 1446 1337 1488 bilis.

66 1507 235 1561 Pauper
253 1508 451 1561 Opimius
470 1510 633 1562 argenti
653 1510 775 1562 positi
797 1510 912 1550 intus
932 1518 974 1550 et
992 1511 1097 1562 auri,
1178 1519 1184 1525 '

65 1573 158 1618 Qui
177 1574 463 1614 Veientanum
482 1575 600 1614 festis
619 1582 761 1627 potare
781 1575 931 1616 diebus

64 1637 290 1690 Campana
308 1639 457 1679 solitus
476 1639 614 1691 trulla,
635 1653 906 1693 vappamque
925 1640 1127 1693 profestis,

62 1703 300 1748 Quondam
320 1703 509 1757 lethargo
529 1704 680 1757 grandi
699 1712 762 1745 est
782 1705 1006 1758 professus,
1029 1713 1078 1746 ut
1097 1706 1219 1746 heres
1324 1707 1405 1749 145

62 1767 163 1807 Jam
180 1768 341 1808 circum
361 1768 520 1809 loculos
539 1776 582 1809 et
600 1769 744 1809 claves
763 1770 900 1810 laetus
919 1783 1141 1823 ovansque
1353 1779 1356 1782 ·

64 1831 269 1872 Curreret.
326 1833 456 1873 Hunc
475 1833 669 1874 medicus
688 1835 875 1875 multum
893 1835 1005 1875 celer
1024 1843 1151 1887 atque
1170 1834 1309 1876 fidelis

62 1896 239 1936 Excitat
257 1896 337 1936 hoc
357 1905 503 1949 pacto:
533 1911 727 1939 mensam
746 1900 845 1952 poni
857 1901 978 1953 jubet
998 1908 1126 1952 atque

63 1960 243 2000 Effundi
263 1973 408 2000 saccos
427 1974 712 2013 nummorum„
734 1965 931 2003 accedere
950 1964 1092 2016 plures
1155 1980 1166 1992 ·

63 2025 132 2065 Ad
152 2026 486 2077 numerandum;
508 2027 726 2067 hominem
740 2028 801 2067 sic
816 2029 955 2080 erigit;
978 2028 1098 2068 addit
1112 2035 1154 2068 et
1167 2029 1295 2071 illud:
1319 2032 1401 2072 150

62 2089 120 2130 Ni
139 2096 215 2130 tua
233 2090 430 2142 custodis,
451 2091 635 2132 avidus'
616 2105 710 2145 Jam
729 2093 836 2132 haec
856 2092 1017 2132 auferet
1036 2093 1168 2134 heres.
1170 2118 1224 2126 —-

63 2153 176 2194 Men'
185 2155 426 2196 vivete—Ut
435 2156 559 2196 vivas
574 2157 710 2209 igitur,
720 2156 869 2210 vigila.
886 2157 966 2196 hoc
979 2170 1069 2210 age-
1071 2158 1400 2226 -Quidvisss—

63 2217 304 2258 Deficient
293 2231 462 2271 inopem
480 2233 616 2261 venae
636 2228 688 2272 te,
709 2222 755 2262 ni
773 2222 894 2262 cibus
914 2229 1044 2274 atque

63 2281 220 2335 Ingens
238 2282 402 2322 accedit
419 2285 638 2324 stomacho
655 2284 816 2326 fultura
834 2286 985 2327 ruenti.

257 2440 331 2474 127.
354 2441 485 2481 pejuras-
581 2443 651 2475 129.
676 2454 835 2483 servosve,
847 2453 901 2478 tuo
916 2457 1047 2486 (μου-η
1061 2447 1102 2479 de
1115 2448 1201 2489 conj.

449 2493 521 2526 1³2.
545 2495 686 2534 Quidni?
707 2507 810 2537 neque
824 2501 912 2532 enim
927 2506 1013 2531 tu-.

700 2559 753 2600 10
