1650 2730
140 167 205 215 88

675 176 942 211 ommi

361 281 514 334 Audis,
535 293 623 335 quo
643 281 822 334 strepitu
835 282 983 335 janua,
1003 293 1091 335 quo
1110 292 1267 323 nemus

362 348 479 390 Inter
496 347 678 401 pulchra
698 354 842 387 satum
861 353 974 387 tecta
992 346 1205 401 remugiat

360 414 510 456 Ventis
524 413 544 453 ’.ῑ
573 419 615 453 et
634 413 796 466 positas
816 418 865 453 ut
885 412 1040 466 glaciet
1057 412 1181 454 nives

474 479 587 520 Puro
605 479 784 519 numine
805 478 968 532 Jupiter
979 478 1000 519 ’.ῑ

359 609 582 663 Ingratam
601 608 755 650 Veneri
774 621 883 662 pone
904 608 1160 662 superbiam,

361 675 427 716 Ne
447 680 641 715 currente
661 681 768 714 retro
788 674 904 714 funis
924 680 994 715 eat
1011 681 1115 715 rota.

359 740 458 782 Non
477 746 519 780 te
538 739 782 793 Penelopen
802 739 1024 780 difficilem
1043 739 1180 793 procis

471 805 728 859 Tyrrhenus
750 805 899 859 genuit
917 817 1083 858 parens.

358 935 398 977 Ο
418 936 619 988 quamvis
639 947 779 988 neque
799 941 840 975 te
860 947 1041 976 munera
1059 947 1140 975 nec
1158 946 1304 988 preces

358 1000 449 1042 Nec
469 1001 629 1041 tinctus
649 1000 765 1042 viola
785 1000 920 1053 pallor
939 999 1183 1042 amantium

358 1066 449 1108 Nec
469 1067 535 1107 vir
554 1066 695 1107 Pieria
714 1066 865 1120 pellice
886 1066 1064 1107 saucius

469 1132 644 1184 Cui-vat,
667 1132 932 1186 supplicibus
952 1131 1039 1173 tuis

356 1262 526 1314 Parcae,
547 1275 627 1303 nec
647 1261 785 1316 rigida
804 1262 971 1304 mollior
990 1262 1164 1304 aesculo

357 1329 448 1370 Nec
473 1328 638 1369 Mauris
659 1328 856 1369 animum
875 1329 1016 1369 mitior
1034 1328 1262 1382 anguibus.

356 1394 456 1436 Non
476 1394 558 1434 hoc
579 1406 746 1446 semper
764 1393 842 1433 erit
861 1393 1021 1433 liminis
1041 1400 1118 1434 aut
1136 1405 1278 1447 aquae

467 1458 673 1500 Coelestis
693 1458 861 1511 patiens
882 1457 1008 1499 latus.

730 1680 889 1693 —

632 1861 872 1902 OARMEN
907 1861 986 1903 XI.

527 2002 606 2030 AD
654 2001 1078 2030 MERCURIUM.

351 2137 546 2188 Mercuri,
567 2150 671 2178 nam
691 2144 733 2178 te
751 2137 901 2178 docilis
920 2136 1126 2190 magistro

354 2203 493 2244 Movit
512 2203 731 2255 Amphion
750 2202 913 2256 lapides
932 2203 1138 2256 canendo,

351 2268 525 2322 Tuque,
547 2267 727 2319 testudo,
750 2281 944 2309 resonare
965 2275 1128 2323 septem

464 2333 635 2375 Callida
653 2333 807 2386 nervis,

454 2464 494 2499 G.
509 2475 542 2498 x.
558 2464 589 2497 6.
614 2464 730 2499 Situm.
957 2465 1009 2499 18.
1031 2467 1153 2499 ammo.

1434 673 1491 716 10

1430 1065 1486 1108 15
