1650 2730
188 163 256 213 94

725 169 991 223 nmmum

384 274 667 327 Famosisque
687 273 927 314 laboribus:

441 341 611 382 Maturo
630 339 794 391 propior
813 337 960 377 desine
979 335 1120 376 funeri

386 407 501 448 Inter
520 404 664 445 ludere
684 403 881 455 virgines,
1507 395 1536 437 5

443 471 502 511 Et
521 469 653 510 stellis
672 467 876 508 nebulam
896 478 1091 519 spargere
1111 462 1319 505 candidis.

387 537 500 582 Non,
521 535 557 575 si
575 533 680 587 quid
700 532 891 573 Pholoen
911 531 1027 582 satis,

445 601 506 641 Et
523 607 576 650 te,
598 598 753 648 Chlori,
774 597 920 637 decet:
951 595 1042 637 filia
1059 594 1218 636 rectius
1256 623 1257 626 ,

389 666 630 718 Expugnat
643 665 857 717 juvenum
875 661 1036 712 domos,

447 730 578 770 Pulso
598 728 770 781 Thyias
790 727 853 766 uti
873 726 1041 766 concita
1060 731 1279 778 tympano.
1487 719 1542 762 10

391 795 520 837 Illam
538 794 651 846 cogit
670 805 789 833 amor
808 791 942 832 Nothi

448 858 659 900 Lascivae
679 856 863 897 similem
883 854 1029 895 ludere
1048 865 1250 906 capreae:

392 924 462 966 Te
481 924 606 964 lanae
626 934 752 975 prope
771 920 959 962 nobilem

449 989 625 1029 Tonsae
645 986 883 1036 Luceriam,
903 996 992 1026 non
1011 982 1210 1032 citharae,
1231 979 1394 1030 decent,

394 1053 486 1095 Nec
506 1052 585 1092 fios
605 1062 843 1104 purpureus
862 1061 993 1099 rosae,
1491 1042 1545 1084 15

450 1117 542 1159 Nec
560 1115 659 1170 poti,
678 1114 882 1163 vetulam,
903 1112 1021 1154 faece
1040 1118 1168 1152 tenus
1180 1108 1295 1150 cadi.

678 1516 917 1557 GARMEN
953 1515 1070 1554 XVI.
1147 1506 1149 1508 V

593 1656 666 1685 AD
710 1654 1170 1683 MAECENATEM.

369 1781 590 1823 Inclusam
610 1781 794 1820 Danaen
814 1779 938 1820 turris
958 1779 1136 1830 ahenea,

370 1846 671 1896 Robustaeque
694 1844 810 1896 fores,
821 1850 862 1883 et
883 1843 1063 1896 vigilum
1081 1853 1243 1883 canum

370 1909 535 1949 Tristes
556 1908 765 1948 excubiae
785 1908 1029 1948 munierant
1048 1906 1152 1946 satis

536 1972 766 2014 Nocturnis
786 1972 842 2012 ab
861 1970 1075 2021 adulteriS,

370 2110 418 2151 Si
437 2122 524 2150 non
544 2110 770 2159 Acrisium,
790 2107 966 2160 virginis
987 2105 1157 2146 abditae
1520 2110 1547 2149 5

369 2174 603 2214 Custodem
623 2173 840 2225 pavidum,
863 2171 1027 2224 Jupiter
1045 2177 1087 2210 et
1106 2171 1252 2211 Venus

368 2239 605 2281 Risissent:
634 2236 722 2277 fore
742 2237 857 2276 enim
876 2242 1019 2275 tutum
1039 2236 1116 2276 iter
1134 2242 1177 2276 et
1193 2241 1347 2290 patens

534 2302 748 2343 Converso
767 2300 812 2341 in
831 2301 1013 2353 pretium
1032 2300 1122 2340 deo.

781 2429 831 2463 16.
854 2429 970 2462 vetula.
