1650 2730
164 164 257 211 112

699 167 966 204 OABMNUM

385 276 501 317 Cum
519 286 625 328 pace
645 272 882 314 delabentis
902 271 1139 312 Etruscum

441 342 493 382 In
512 353 640 389 mare,
661 351 778 380 nunc
798 336 963 391 lapides
983 335 1136 377 adesos

333 472 578 525 stirpesque
597 475 741 523 raptas
760 475 802 509 et
821 480 954 521 pecus
971 473 1014 508 et
1033 466 1183 507 domos

333 537 554 579 Volventis
574 548 674 586 una,
696 547 783 575 non
803 534 895 574 sine
917 532 1129 573 montium

388 603 584 644 Clamore
605 601 857 652 vicinaeque
878 598 1024 649 silvae,

446 668 561 708 Cum
579 666 669 707 fera
688 665 872 705 diluvies
892 663 1060 717 quietos

335 798 476 839 Irritat
495 809 657 837 amnes.
715 795 794 836 Ille
814 800 962 848 potens
983 792 1052 833 sui

335 863 584 914 Laetusque
605 861 740 913 deget,
762 860 834 900 eui
854 859 953 898 licet
971 858 1016 898 in
1036 856 1152 898 diem

394 927 580 978 Dixisse,
601 926 728 966 Vixi:
759 937 853 965 cras
873 923 943 964 vel
964 929 1057 963 atra

452 992 576 1033 Nube
595 991 744 1044 polum
764 990 890 1030 Pater
909 993 1127 1041 occupato,

339 1122 418 1163 Vel
439 1122 526 1162 sole
545 1133 675 1174 puro:
705 1132 792 1161 non
812 1125 959 1159 tamen
978 1117 1155 1168 irritum,

338 1187 647 1239 Quodcunque
667 1191 774 1225 retro
794 1191 869 1235 est,
890 1182 1055 1233 efficiet,
1076 1194 1217 1234 neque

394 1252 602 1305 Diffinget
622 1251 916 1302 infectumque
935 1247 1094 1299 reddet,

450 1317 584 1363 Quod
604 1316 773 1370 fugiens
794 1314 926 1356 semel
945 1314 1051 1354 hora
1068 1312 1201 1353 vexit.

341 1449 534 1489 Fortuna
554 1459 683 1487 saevo
702 1446 816 1486 laeta
835 1444 1013 1497 negotio,
1034 1450 1077 1484 et

339 1513 517 1554 Ludum
537 1512 801 1552 insolentem.
810 1509 955 1549 ludere
975 1509 1184 1562 pertinax,

395 1579 682 1619 Transmutat
701 1575 881 1615 incertos
900 1574 1092 1624 honores,

456 1642 496 1683 N
499 1654 585 1682 une
605 1640 724 1691 mihi,
746 1652 863 1680 nune
884 1638 959 1679 alii
977 1638 1177 1691 benigna.

340 1781 494 1823 Laudo
514 1786 787 1820 manentem:
820 1779 855 1819 si
875 1779 1031 1837 celeres
1051 1777 1193 1831 quatit

341 1847 524 1896 Pennas,
546 1845 714 1897 resigno
735 1857 845 1896 quae
865 1843 994 1894 dedit,
1015 1850 1057 1883 et
1076 1856 1174 1883 mea

396 1911 560 1963 Virtute
582 1923 651 1950 me
671 1910 844 1950 involvo
864 1910 1126 1962 probamque

453 1975 709 2042 pauperie-m
728 1975 820 2015 sine
839 1974 936 2014 dote
956 1985 1127 2026 quaero.

342 2116 440 2157 Non
459 2121 523 2155 est
541 2126 700 2164 meum,
721 2114 758 2153 si
777 2112 943 2164 mugiat
962 2110 1116 2151 Africis

342 2180 487 2222 Malus
507 2179 710 2232 procellis,
732 2177 789 2217 ad
808 2177 984 2216 miseras
1005 2188 1148 2228 preces

397 2245 629 2285 Decurrere
649 2249 691 2283 et
710 2242 820 2282 votis
840 2241 1010 2294 pacisci,

373 2372 376 2376 Ι
453 2310 520 2351 Ne
540 2308 724 2362 Cypriae
744 2307 991 2360 Tyriaeque
1011 2318 1173 2348 merces
1239 2293 1242 2296 ¹

745 2446 799 2481 60.
823 2446 946 2488 Syriae.

1459 657 1517 700 40

1463 1115 1520 1156 45

1466 1508 1523 1549 50

1467 1907 1523 1947 55

1462 2302 1520 2345 60
