1612 2716
388 595 438 646 Q.
475 595 714 643 HORATII
750 593 951 643 FLACCI

184 762 1167 828 SATIRARUM

448 946 630 988 LIBER.
670 946 905 988 PRIMUS.

542 1256 754 1296 SATIRA
795 1256 828 1295 Ι.

121 1412 215 1457 Qui
244 1410 303 1462 fit,
324 1412 563 1462 Maecenas,
584 1417 632 1451 ut
652 1423 788 1461 nemo,
809 1422 942 1462 quam
961 1410 1042 1451 sibi
1061 1417 1216 1454 sortem

65 1476 155 1518 Seu
173 1477 278 1517 ratio
298 1476 458 1516 dederit
477 1488 554 1516 seu
573 1474 657 1514 fors
676 1475 878 1528 objecerit,
901 1474 974 1514 illa

67 1541 304 1581 Contentus
324 1541 453 1591 vivat,
476 1539 621 1580 laudet
640 1539 808 1579 diversa
828 1545 1052 1591 sequentes
1064 1538 1085 1579 ’.ἲ

66 1604 106 1646 Ο
126 1605 327 1646 fortunati
346 1604 621 1646 mercatores!
654 1604 795 1656 gravis
815 1604 940 1643 annis

66 1669 192 1710 Miles
212 1670 280 1720 ait,
302 1669 436 1710 multo
449 1670 542 1722 jam
560 1667 719 1708 fractus
738 1668 929 1708 membra
947 1667 1100 1708 labore.
1323 1669 1351 1710 5

67 1734 226 1774 Contra
244 1740 458 1784 mercator,
479 1745 635 1773 navem
648 1733 910 1786 jactantibus
929 1732 1107 1784 Austris,

67 1797 221 1838 Militia
239 1804 302 1838 est
320 1798 462 1850 potior.
521 1796 643 1842 Quid
662 1797 808 1837 enim?
865 1798 1164 1838 Concurritur:
1193 1796 1323 1840 horae

67 1861 284 1902 Memento
302 1862 387 1902 cita
405 1874 516 1901 mors
535 1862 652 1901 venit
671 1867 748 1901 aut
766 1862 942 1901 victoria
961 1861 1084 1902 laeta.

67 1925 309 1978 Agricolam
327 1925 476 1966 laudat
488 1919 595 1979 juris
614 1926 844 1978 legumque
863 1926 1032 1978 peritus,

68 1989 161 2030 Sub
179 1989 280 2041 galli
298 1996 474 2030 cantum
493 1990 709 2030 consultor
728 1990 802 2029 ubi
822 1990 930 2029 ostia
948 1990 1103 2041 pulsat.
1295 1990 1350 2032 10

68 2052 157 2103 Ille,
178 2052 287 2092 datis
306 2054 499 2105 vadibus,
520 2055 595 2107 qui
615 2067 710 2094 rure
730 2061 947 2094 extractus
966 2054 1012 2094 in
1030 2054 1180 2097 urbem
1198 2060 1273 2107 est,

68 2116 190 2157 Solos
208 2115 352 2155 felices
370 2118 562 2158 viventes
581 2118 740 2158 clamat
758 2121 803 2158 in
823 2118 937 2158 urbe.

69 2180 220 2220 Cetera
238 2179 291 2219 de
311 2192 460 2232 genere
478 2181 571 2232 hoc,
592 2182 698 2223 adeo
718 2189 819 2223 sunt
837 2182 985 2234 multa,
1006 2183 1231 2235 loquacem

68 2243 294 2285 Delassare
313 2243 458 2284 valent
476 2245 675 2287 Fabium.
732 2247 798 2287 Ne
818 2253 859 2287 te
878 2260 1024 2299 morer,
1046 2247 1161 2299 audj,

197 2372 233 2404 8.
248 2372 270 2403 i.
285 2370 317 2402 2.
339 2371 414 2403 ulla.
541 2376 573 2406 4.
596 2375 704 2411 armis,
719 2374 758 2407 de
773 2377 856 2417 conj.
987 2375 1019 2406 6.
1041 2374 1162 2407 mvhn.

334 2423 366 2457 8.
390 2423 557 2458 nomento
569 2432 625 2458 ant
639 2427 714 2458 cita.
846 2427 894 2459 10.
918 2432 1023 2458 cantu.

666 2468 694 2507 8
