1612 2716
586 170 735 206 num
764 169 799 203 1.
862 169 908 203 n.
940 169 1044 203 xix.
1387 158 1503 212 :2¹15

156 274 295 323 Quod
309 280 500 329 superest
517 274 625 325 aevi,
647 273 684 314 si
702 272 808 326 quid
827 285 1047 327 superesse
1065 272 1219 315 volunt
1236 272 1308 316 dx:

156 341 223 382 Sit
245 341 354 382 bona
373 339 575 381 librorum
594 346 637 379 et
654 339 846 392 provisae
866 338 1000 392 frugis
1022 340 1066 379 in
1086 351 1254 380 annum

157 407 317 460 Copia:
344 419 432 446 neu
451 405 616 446 fluitem
634 405 791 446 dubiae
810 418 884 458 spe
904 405 1119 458 pendulus
1138 405 1294 446 horae!
1420 406 1504 447 110

156 472 243 514 Sed
264 472 367 512 satis
386 479 451 512 est
468 484 585 512 orare
604 471 769 522 Jovem‚
789 483 901 523 quae
920 470 1053 511 donat
1070 477 1113 510 et
1133 469 1296 511 aufert:

158 539 243 580 Det
261 538 407 589 vitam,
427 536 500 578 det
516 549 642 590 opes:
671 549 861 589 aequum
879 542 942 576 mi
960 537 1157 577 animum
1176 536 1267 590 ipse
1286 537 1460 590 parabo.

611 933 896 974 EPISTOLA
930 934 1048 973 XIX.

571 1074 639 1101 AD
678 1074 1102 1102 MAECENATEM.

270 1200 414 1240 Prisco
432 1200 469 1239 si
487 1199 633 1250 credis,
658 1200 887 1239 Maecenas
910 1199 1043 1251 docte,
1065 1200 1251 1252 Cratino,

214 1266 348 1308 Nulla
367 1266 532 1319 placere
551 1265 628 1305 diu
646 1278 726 1305 nec
746 1266 888 1305 vivere
908 1266 1099 1316 carmina
1118 1272 1307 1319 possunt,

213 1332 344 1377 Quae
364 1331 606 1371 scribuntur
625 1343 763 1382 aquae
782 1331 1009 1383 potoribus.
1068 1331 1128 1373 Ut
1146 1331 1259 1372 male
1279 1343 1408 1372 sanos

213 1396 450 1453 Adscripsit
468 1396 596 1451 Liber
613 1396 779 1451 Satyris
800 1396 1051 1448 Faunisque
1071 1397 1228 1448 poetas,

213 1461 326 1502 Vina
345 1452 429 1501 fere
449 1460 598 1500 dulces
618 1460 817 1500 oluerunt
836 1473 964 1500 mane
985 1461 1215 1501 Camenae.
1476 1460 1505 1502 5

214 1526 439 1567 Laudibus
460 1526 652 1579 arguitur
669 1526 760 1565 vini
780 1524 958 1565 vinosus
978 1526 1216 1566 Homerus:

214 1591 387 1632 Enn'ius
407 1592 496 1644 ipse
516 1597 635 1644 pater
653 1603 880 1643 nunquam
900 1591 982 1630 nisi
1001 1597 1127 1644 potus
1147 1590 1203 1630 ad
1223 1603 1344 1632 arma

215 1657 415 1697 Prosiluit
434 1655 627 1696 dicenda.
687 1657 849 1696 Forum
868 1655 1098 1708 putealque
1118 1655 1295 1697 Libonis

217 1721 435 1762 Mandabo
454 1721 589 1772 siccis,
611 1720 803 1772 adimam
821 1728 994 1761 cantare
1015 1721 1196 1774 severis3

217 1786 312 1826 Hoc
332 1786 461 1826 simul
480 1786 608 1837 edixi,
628 1796 714 1826 non
734 1798 954 1826 cessavere
975 1793 1124 1838 poetae
1451 1785 1507 1826 10

217 1850 436 1890 Noctumo
454 1844 611 1890 certare
631 1863 756 1901 mero,
777 1858 923 1913 putere
941 1850 1107 1890 diurno.

217 1914 351 1964 Quid,
373 1915 409 1954 si
427 1915 525 1966 quis
545 1915 668 1954 vultu
690 1907 807 1954 torvo
825 1908 941 1966 ferus
960 1922 1002 1955 et
1021 1915 1128 1968 pede
1148 1914 1268 1955 nudo

210 1979 502 2033 *Exiguaequ'e
522 1967 645 2031 togae
664 1979 836 2026 simulet
856 1986 1016 2019 textore
1036 1961 1256 2031 Catonern,

218 2044 481 2085 virtutemne
502 2051 783 2096 repraesentet
803 2057 1025 2096 moresque
1045 2044 1268 2084 Catonis?

217 2109 351 2162 Rupit
370 2109 571 2149 Iarbitam
591 2107 846 2163 Timagenis
865 2108 1037 2150 aemula
1056 2109 1216 2162 lingua,
1451 2109 1504 2148 15

219 2173 339 2214 Dum
359 2173 500 2214 studet
519 2175 710 2214 urbanus
731 2174 948 2232 tenditque
968 2173 1150 2214 disertus
1170 2173 1328 2215 haberi.

219 2237 389 2290 Decipit
407 2238 627 2290 exemplar
644 2239 758 2287 vitiis
778 2239 1006 2280 imitabile:
1022 2239 1190 2291 quodsi

219 2302 429 2343 Pallerem
447 2314 563 2353 casu,
584 2303 773 2345 biberent
790 2317 1011 2356 exsangue
1032 2304 1269 2344 cuminum.

219 2367 259 2407 Ο
280 2367 519 2416 imitatores,
541 2380 712 2407 servum
731 2381 871 2420 pecus,
893 2375 941 2408 ut
960 2369 1065 2408 mihi
1087 2380 1211 2419 saepe

218 2431 367 2482 Bilem',
388 2443 514 2484 saepe
526 2432 672 2484 jocum
690 2433 817 2473 vestri
835 2445 1003 2473 movere
1024 2430 1260 2471 tumultus!
1442 2427 1505 2468 20
