1612 2716
196 161 291 207 222
721 172 1004 207 sumnum

196 277 464 319 Aedificante
485 290 610 318 casas
630 283 707 331 qui
727 278 871 319 sanior
881 280 901 318 ’.ἱ
959 278 1084 319 Adde
1102 290 1296 320 cruorem
1459 276 1545 322 276

194 344 408 384 Stultitiae
429 350 557 396 atque
578 344 722 397 ignem
743 344 889 397 gladio
909 351 1109 385 scrutare.
1170 345 1312 397 Modo,
1332 345 1525 399 inquamq

194 409 376 450 Hellade
396 407 598 462 'percussa
619 410 781 450 Marius
801 423 903 450 cum
922 411 1173 463 praecipitat
1191 423 1247 461 se,

194 476 380 516 Cerritus
401 474 513 515 fuit?
543 487 601 514 an
621 482 860 515 commotae
880 476 1055 516 crimine
1076 477 1234 516 mentis

193 541 401 581 Absolves
421 541 651 592 hominem,
673 547 714 581 et
734 541 903 581 sceleris
923 541 1150 582 damnabis
1170 542 1368 594 eundem,

193 607 266 647 Ex
287 619 400 646 more
421 606 644 660 imponens
664 613 848 659 cognata
867 607 1082 646 vocabula
1101 608 1227 648 rebus
1239 607 1259 648 2
1458 607 1545 649 280

192 673 435 713 Libertinus
455 679 555 723 erat,
577 672 652 724 qui
671 672 835 711 circum
854 673 1039 725 compita
1060 673 1200 713 siccus

192 738 344 778 Lautis
363 749 491 777 mane
511 750 644 777 senex
663 738 865 777 manibus
884 738 1090 789 currebat,
1103 745 1163 789 et,
1185 738 1406 790 Unum,—

192 803 313 848 Quid
335 810 425 842 tam
443 815 654 855 magnum
666 803 687 842 ’.ἰ
715 802 1075 843 addens—unum
1094 816 1164 843 me
1184 804 1343 857 surpite
1362 803 1515 845 morti!

192 869 272 909 Dis
292 869 451 908 etenim
470 867 595 908 facile
616 875 690 919 est,
711 869 883 909 orabat:
919 882 1052 909 sanus
1072 869 1265 922 utrisque

191 934 379 974 Auribus
400 940 529 986 atque
549 933 709 986 oculis;
741 941 930 974 mentem
949 935 1033 974 nisi
1053 935 1263 988 litigiosus
1458 935 1544 976 286

190 999 421 1052 Exciperet
440 998 652 1049 dominus,
674 1011 777 1039 cum
796 999 1012 1039 venderet.
1078 1000 1173 1040 Hoc
1192 1011 1364 1053 quoque
1383 1000 1544 1054 vulgus

191 1065 459 1117 Chrysippus
480 1064 598 1116 ponit
617 1063 805 1104 fecunda
825 1065 871 1104 in
891 1071 1017 1117 gente
1038 1065 1225 1106 Menem.

190 1130 365 1182 Jupiter,
388 1130 582 1182 ingentes
602 1129 676 1182 qui
697 1129 776 1169 das
796 1129 1036 1182 adimisque
1056 1130 1231 1182 dolores,

192 1196 329 1235 Mater
349 1196 408 1235 ait
428 1196 547 1248 pueri
567 1208 736 1235 menses
750 1196 844 1249 jam
863 1196 1055 1248 quinque
1075 1196 1284 1248 cubantis,

192 1260 368 1313 Frigida
389 1261 425 1300 si
446 1273 629 1313 puerum
647 1268 860 1313 quartana
880 1261 1104 1313 reliquerit,
1126 1261 1199 1301 illo
1457 1261 1543 1304 290

192 1326 321 1366 Mane
344 1326 424 1378 die,
446 1339 533 1379 quo
553 1333 601 1367 tu
621 1325 775 1366 indicis
790 1326 964 1380 jejunia,
987 1326 1132 1367 nudus

190 1392 240 1447 In
264 1392 412 1431 Tiberi
432 1392 571 1432 stabit.
632 1392 773 1432 Casus
793 1391 1042 1431 medicusve
1063 1391 1212 1432 levarit

190 1458 382 1509 Aegrum
401 1470 457 1496 ex
478 1457 706 1510 praecipiti,
728 1463 865 1496 mater
884 1456 1018 1496 delira
1037 1457 1207 1498 necabit

190 1522 242 1561 In
263 1521 403 1574 gelida
423 1521 564 1562 fixum
584 1522 685 1575 ripa,
707 1521 943 1574 febrimque
962 1521 1148 1562 reducet.

190 1587 351 1630 Quone
371 1587 485 1627 male
506 1594 696 1628 mentem
715 1587 958 1628 concussa‘!
1016 1587 1192 1627 Timore
1211 1587 1400 1629 deorum.
1456 1587 1541 1629 295

189 1651 311 1692 Haec
333 1653 438 1692 mihi
459 1653 698 1704 Stertinius,
722 1653 967 1705 sapientum
985 1659 1175 1702 octavuS‚
1197 1653 1336 1693 amico

190 1717 324 1757 Arma
343 1717 470 1767 dedit,
492 1718 670 1769 posthac
690 1730 744 1757 ne
764 1716 1039 1768 compellarer
1057 1716 1233 1756 inultus.

192 1781 360 1821 Dixerit
380 1781 584 1820 insanum
603 1782 678 1833 qui
698 1793 778 1831 me,
801 1780 976 1820 totidem
996 1780 1154 1831 audiet,
1175 1786 1306 1833 atque

191 1846 416 1898 Respicere
437 1845 580 1898 ignoto
599 1845 734 1886 discet
753 1845 985 1898 pendentia
1004 1852 1189 1898 tergo.—

192 1911 343 1961 Stoice,
365 1917 459 1963 post
478 1910 691 1950 damnum
711 1910 772 1950 sic
793 1909 958 1950 vendas
978 1911 1127 1950 omnia
1146 1910 1290 1963 pluris,
1458 1911 1544 1953 300

193 1977 299 2022 Qua
318 1988 386 2015 me
408 1975 598 2027 stultitia,
620 1975 827 2028 quoniam
846 1987 934 2015 non
954 1982 1019 2015 est
1038 1988 1175 2028 genus
1195 1988 1335 2016 unum

193 2041 386 2082 Insanire
407 2040 566 2092 putas?
624 2040 721 2093 Ego
741 2053 846 2080 nam
866 2040 1013 2079 videor
1031 2039 1139 2079 mihi
1159 2052 1363 2080 sanus.—

193 2105 347 2151 Quid?
377 2111 508 2158 caput
528 2106 771 2145 abscissum
791 2105 991 2145 manibus
1011 2117 1113 2145 cum
1133 2111 1270 2158 portat
1289 2107 1442 2160 Agave

195 2171 326 2212 Gnati
346 2169 537 2221 infelicis,
561 2171 640 2210 sibi
662 2177 755 2210 tum
775 2169 934 2209 furiosa
953 2169 1121 2210 videtur
1132 2170 1210 2210 ¹3—-

195 2236 388 2279 Stultum
407 2247 476 2275 me
496 2234 641 2286 fateor,
662 2235 789 2275 liceat
807 2234 1036 2275 concedere
1057 2235 1180 2286 veris,
1459 2235 1544 2276 305

274 2396 350 2429 276.
372 2402 513 2429 scrutare
528 2395 637 2433 modo,
650 2396 793 2435 inquam.
880 2394 959 2428 283.
985 2394 1148 2432 Quiddam
1164 2404 1319 2435 magnum
1334 2393 1467 2427 addem.

481 2450 559 2482 301.
584 2448 914 2487 Quam—stultitiam.
1001 2447 1078 2481 303.
1102 2449 1270 2480 abscisum.
