1650 2730
211 203 308 252 142
784 212 980 245 m‘onon

323 320 571 370 Forumque
590 317 709 368 vitat,
732 324 774 356 et
795 318 978 370 superba
997 317 1162 358 civium

383 383 673 424 Potentiorum
695 382 856 421 limina.

324 449 444 502 Ergo
465 455 541 488 aut
561 447 711 487 adulta
730 448 886 487 vitium
906 447 1136 500 propagine
1576 480 1591 489 ,

381 514 504 554 Altas
525 513 696 553 maritat
717 513 906 565 populos,
1068 528 1079 537 ·
1515 510 1571 552 10

325 581 414 620 Aut
434 580 478 619 in
499 579 675 618 reducta
696 578 809 617 valle
832 578 1124 630 mugientium

386 645 631 697 Prospectat
651 651 838 683 errantes
859 655 1006 695 greges
1023 657 1032 682 :

327 710 594 761 Inutilesque
615 708 724 748 falce
745 721 886 748 ramos
906 714 1150 760 amputanS‚

385 775 615 815 Feliciores
635 774 780 813 inserit
799 787 808 825 ;
989 771 993 774 ’

324 839 414 880 Aut
433 852 577 892 pressa
597 839 714 891 puris
734 838 863 878 mella
883 837 1031 878 condit
1052 836 1282 891 amphoris,
1520 834 1574 876 15

381 905 470 944 Aut
490 903 642 943 tondet
663 903 856 943 infirmas
876 915 1004 954 oves3

326 968 416 1020 Vel,
437 981 539 1009 cum
558 968 761 1008 decorum
782 969 957 1008 mitibus
978 967 1117 1020 pomis
1143 972 1277 1020 caput

386 1034 665 1073 Auctunmus
685 1033 799 1086 agris
818 1033 985 1084 extulit,

329 1098 390 1139 Ut
410 1098 570 1151 gaudet
590 1098 764 1138 insitiva
784 1098 1016 1150 decerpens
1037 1109 1156 1150 pyra,

392 1163 639 1203 Certantem
658 1170 700 1203 et
720 1176 855 1203 uvam
875 1175 1100 1216 purpurae,
1519 1159 1577 1201 20

330 1228 437 1273 Qua
456 1235 710 1268 muneretur
730 1235 782 1279 te,
804 1229 967 1281 Priape,
988 1235 1031 1268 et
1049 1234 1101 1279 te,
1122 1233 1242 1281 pater

388 1293 576 1344 Silvane,
599 1299 713 1333 tutor
732 1293 888 1333 finium
906 1293 916 1333 !

331 1356 456 1398 Libet
469 1358 610 1410 jacere
630 1357 757 1397 modo
778 1359 860 1398 sub
879 1358 1059 1410 antiqua
1078 1357 1186 1408 ilice,

390 1421 519 1462 Modo
539 1423 584 1462 in
605 1423 745 1462 tenaci
766 1423 970 1475 gramine.

332 1485 562 1527 Labuntur
582 1487 679 1526 altis
700 1487 868 1540 interim
888 1487 989 1538 ripis
1009 1498 1160 1538 aquae,
1522 1483 1579 1525 25

389 1552 644 1596 Queruntur
664 1551 708 1590 in
729 1550 849 1590 silvis
869 1563 983 1600 aves,

333 1615 579 1668 Fontesque
599 1615 788 1668 lymphis
809 1615 1061 1667 obstrepunt
1079 1613 1368 1666 manantibus,

395 1681 579 1721 Somnos
599 1679 715 1732 quod
736 1680 886 1720 invitet
906 1680 1034 1719 leves.

338 1745 397 1786 At
415 1758 517 1784 cum
536 1745 724 1785 tonantis
745 1757 887 1783 annus
908 1744 1111 1784 hibernus
1131 1743 1250 1784 Jovis

392 1809 554 1849 Immes
574 1810 780 1861 nivesque
802 1815 1031 1861 comparat,
1522 1807 1580 1849 30

335 1874 425 1914 Aut
444 1873 575 1913 trudit
595 1886 712 1913 acres
735 1874 834 1914 hinc
855 1880 896 1914 et
917 1874 1018 1914 hinc
1039 1874 1179 1915 multa
1199 1887 1308 1915 cane

401 1938 537 1990 Apros
558 1939 602 1978 in
623 1939 839 1979 obstantes
859 1939 1021 1992 plagas,

340 2002 429 2042 Aut
450 2003 579 2042 amite
601 2004 684 2043 levi
705 2017 799 2044 rara
819 2003 954 2044 tendit
973 2005 1089 2056 retia,

398 2067 561 2106 'l'urdis
582 2068 786 2108 edacibus
806 2069 936 2119 dolos,

342 2132 644 2183 pavidumque
665 2133 849 2186 leporem
865 2139 906 2173 et
921 2132 1136 2173 advenam
1151 2131 1305 2186 laqueo
1319 2145 1469 2187 gruem
1524 2133 1579 2174 35

397 2196 422 2236 J
425 2196 601 2235 ucunda
620 2204 764 2249 captat
783 2197 982 2250 praemia.

340 2261 455 2305 Quis
475 2273 561 2300 non
583 2261 806 2311 malarum,
828 2274 937 2313 quas
958 2275 1076 2302 amor
1096 2274 1222 2302 curas
1242 2262 1382 2314 habet,

375 2366 378 2370 ,
398 2325 517 2365 Haec
537 2325 645 2365 inter
664 2325 959 2367 obliviscitur?

325 2434 365 2468 C.
380 2435 416 2468 ii.
434 2435 486 2468 18.
510 2437 605 2468 arvis.
693 2435 746 2467 21.
772 2435 863 2473 Quin.
951 2436 1005 2468 25.
1027 2438 1113 2468 rivis.
1201 2437 1255 2469 27.
1278 2435 1492 2476 Frondesque.

637 2487 690 2520 28.
712 2489 838 2521 invitat.
927 2489 981 2521 37.
1005 2489 1173 2522 malorum.
