1650 2730
550 238 709 273 mmm.
775 238 897 274 QV-

451 464 454 466 v
559 415 797 456 GARMEN
836 416 913 457 1v.

274 553 410 606 Lupis
430 559 472 593 et
491 553 614 606 agnis
634 559 798 604 quanta
817 553 960 594 sortito
979 553 1143 608 obtigit,

332 618 503 659 Tecum
523 618 629 658 mihi
650 616 860 658 discordia
879 625 954 670 est,

275 683 485 725 Hibericis
505 690 672 736 peruste
693 681 868 723 funibus
890 683 1018 735 latus,

331 748 391 788 Et
410 761 534 788 crura
554 747 661 788 dura
681 748 896 802 compede.

277 813 399 854 Licet
418 814 626 866 superbus
646 813 840 854 ambules
859 814 1054 866 pecunia,

332 879 526 919 Fortuna
546 891 631 919 non
653 886 792 919 mutat
813 892 961 932 genus.

275 942 471 995 Videsne,
493 943 671 984 Sacram
690 943 888 984 metiente
910 950 950 984 te
971 943 1100 985 Viam

337 1008 451 1048 Cum
468 1009 535 1048 bis
555 1009 683 1049 trium
703 1008 906 1050 ulnarum
926 1015 1037 1062 toga,

279 1071 340 1112 Ut
357 1084 430 1112 ora
448 1079 584 1112 vertat
603 1073 690 1113 huc
711 1080 752 1113 et
772 1073 859 1113 huc
878 1074 1077 1114 euntium

337 1135 568 1176 Liberrima
589 1136 825 1189 indignatio
837 1137 857 1177 ’.ἱ

247 1203 272 1226 “
285 1199 439 1241 sectus
458 1200 639 1253 flagellis
658 1201 729 1240 hic
750 1201 1084 1242 triumviralibus

340 1264 566 1304 Praeconis
586 1264 642 1303 ad
662 1263 901 1311 fastidium

283 1329 388 1369 Arat
408 1329 581 1369 Falerni
600 1328 716 1368 mille
737 1327 862 1369 fundi
875 1330 1038 1383 jugera,

339 1393 399 1433 Et
418 1393 605 1446 Appiam
625 1393 795 1433 mannis
816 1394 919 1444 terit,

284 1457 585 1511 Sedilibusque
606 1471 793 1511 magnus
813 1459 857 1498 in
877 1458 1026 1511 primis
1046 1470 1190 1511 equeS,

344 1523 514 1563 Othone
534 1529 786 1576 contempto,
808 1523 936 1563 sedet.

284 1586 406 1631 Quid
427 1587 586 1638 attinet,
608 1594 668 1627 tot
686 1600 759 1628 ora
778 1588 958 1628 navium
978 1588 1099 1641 gravi

340 1651 539 1692 Rostrata
558 1651 658 1692 duci
677 1652 860 1705 pondere

288 1716 446 1757 Contra
467 1717 649 1757 latrones
670 1723 798 1769 atque
819 1717 1015 1758 servilem
1035 1729 1229 1771 manum,

342 1781 448 1833 Hoc,
470 1782 551 1823 hoc
572 1782 740 1823 tribuno
759 1782 946 1823 militum
957 1783 1000 1823 'P’

534 2137 536 2139 >
588 2107 828 2147 GARMEN
863 2107 913 2147 V.

319 2220 384 2248 IN
430 2222 749 2254 CANIDIAM
798 2226 1194 2258 VENEFICAR.

214 2316 238 2339 “
252 2313 322 2364 At,
342 2326 368 2353 o
387 2313 562 2357 deorum
581 2318 789 2371 quidquid
808 2321 854 2362 in
873 2320 990 2362 coelo
1008 2321 1117 2376 regit

308 2377 465 2418 Terras
484 2385 526 2419 et
543 2380 785 2423 humanum
803 2397 950 2437 genus,

347 2504 386 2537 C.
402 2506 446 2538 iv.
462 2505 495 2539 8.
516 2507 567 2540 bis
580 2513 638 2541 ter.
736 2510 775 2542 C.
790 2521 822 2543 v.
841 2512 870 2542 1.
893 2512 1166 2553 quisquis-regis.

742 2561 771 2602 7

1307 222 1403 274 145

1366 1137 1421 1178 10

1365 1454 1421 1500 16

1365 1781 1423 1823 20
