1612 2716
617 202 830 236 rmiir.
894 202 1023 236 xx.
1393 193 1493 243 250

143 305 223 349 Τπ
239 305 394 348 nidum
412 319 571 358 servas,
591 319 672 360 ego
691 306 824 348 laudo
842 307 951 348 ruris
969 307 1142 348 amoeni

145 371 290 423 ffivos,
309 379 353 412 et
370 384 523 412 musco
539 372 781 413 circumlita
798 364 1178 426 saxa—nemusque.

142 437 268 483 Quid
285 437 487 490 quaeris?
515 438 618 478 vivo
637 445 681 478 et
696 450 839 491 regno,
858 437 988 478 simul
1007 439 1091 478 ista
1108 437 1272 492 reliqui,

143 503 275 547 Quae
293 515 372 543 vos
390 502 448 543 ad
465 503 637 544 eoelum
654 503 772 544 fertis
790 516 959 544 rumore
978 503 1179 556 secundo,

144 567 290 620 thue
307 567 539 609 sacerdotis
557 567 780 621 fugitivus,
802 568 890 610 liba
907 581 1081 610 recuso:
1435 571 1491 612 10

142 624 262 673 Pane
279 645 395 686 egeo,
408 634 500 687 jam
519 634 693 674 mellitis
713 634 869 687 potiore
888 634 1110 687 placentis.

142 696 295 738 Vivere
313 705 491 739 nami-ae
510 699 548 739 si
565 700 869 740 convenienter
884 707 1068 753 oportet„

140 760 458 816 Ponendaeque
476 763 606 804 domo
623 764 872 817 quaerenda
889 772 955 805 est
973 778 1076 806 area
1092 766 1292 820 primum,

141 827 365 869 Novistine
385 828 529 870 locum
547 830 752 883 potiorem
770 843 866 871 rure
886 831 1011 871 beato
1021 831 1043 871 21

140 891 224 932 Est
241 893 315 933 ubi
333 893 432 946 plus
451 900 624 947 tepeant
642 895 838 936 hiemoe?
864 896 941 952 ubi
961 896 1118 949 gratior
1135 909 1244 938 aura
1432 898 1487 939 15

140 957 294 998 Leniat
311 967 355 999 et
372 960 535 1000 rabiem
554 960 687 1000 Canis
706 968 749 1001 et
769 968 990 1002 momenta
1008 962 1179 1013 Leonis,

140 1022 256 1062 (him
274 1024 407 1063 semel
425 1026 588 1077 accepit
606 1025 741 1066 solem
759 1025 1019 1072 furibundus
1036 1034 1217 1068 acutum
1228 1028 1249 1067 ’.ἱ

138 1087 221 1128 Est
241 1088 315 1127 ubi
333 1087 511 1128 divellat
529 1101 705 1129 somnos
725 1091 871 1130 minus
890 1091 1041 1131 invida
1058 1104 1163 1131 cura
1174 1092 1195 1131 ’.ἱ

139 1153 338 1193 Deterius
355 1152 531 1205 Libycis
549 1154 634 1194 olet
653 1162 729 1194 aut
748 1156 853 1195 uitet
871 1156 1003 1196 herba
1022 1156 1209 1208 lapillis?

139 1218 291 1259 Purior
310 1219 354 1258 in
375 1218 482 1258 vicis
500 1231 617 1270 aqua
638 1219 772 1259 tendit
793 1233 990 1272 rumpere
1010 1221 1250 1273 plumbum,
1427 1223 1486 1264 20

138 1284 291 1328 Quam
308 1296 421 1335 quae
443 1296 517 1336 per
535 1296 717 1336 pronum
738 1285 918 1337 trepidat
936 1298 1040 1325 cum
1058 1299 1277 1327 murmure
1294 1288 1469 1329 rivum?

138 1347 303 1401 Nempe
326 1349 437 1388 inter
454 1349 598 1403 varias
616 1349 805 1389 nutritur
825 1350 937 1390 silva
954 1350 1192 1402 columnas,

137 1412 444 1466 Laudaturque
462 1413 629 1464 domus,
652 1414 801 1467 longos
818 1428 933 1467 quae
950 1417 1151 1468 prospicit
1169 1430 1307 1470 agros.

137 1477 348 1518 Naturam
367 1479 558 1531 expellas
577 1478 709 1530 furca,
730 1487 876 1520 tamen
895 1493 1034 1533 usque
1053 1490 1247 1534 recurret,

137 1542 197 1582 Et
216 1543 330 1583 mala
350 1551 594 1597 perrumpet
611 1543 760 1593 furtim
778 1545 953 1586 fastidia
972 1547 1140 1587 vicu-ix.
1425 1548 1483 1589 25

136 1607 247 1658 Non,
266 1599 343 1661 (1111
361 1609 537 1650 Sidonio
554 1610 809 1666 contendere
827 1611 1012 1652 callidus
1031 1620 1143 1653 ostro

137 1671 283 1721 Noecit
291 1674 567 1726 Aquinatem
584 1676 777 1727 potantia
795 1676 956 1718 vellera
974 1676 1138 1728 fucum,

136 1737 305 1792 Cutius
323 1740 504 1795 accipiet
521 1739 732 1782 damnum
753 1743 981 1795 propiusve
1000 1743 1214 1795 medullis,

135 1790 287 1847 Quam
305 1804 381 1855 qui
400 1817 487 1845 non
505 1806 657 1858 poterit
673 1819 776 1847 vero
793 1803 1055 1864 distinguere
1073 1809 1247 1851 falsum.

136 1868 285 1912 Quem
303 1881 371 1920 res
388 1870 487 1922 plus
506 1871 640 1912 nimio
658 1871 924 1914 delectavere
943 1875 1172 1927 secundae,
1422 1876 1482 1918 30

138 1932 332 1973 Mutatae
349 1937 554 1987 quatient.
611 1937 660 1978 Si
678 1938 784 1990 quid
804 1939 1023 1991 mirabere,
1043 1953 1176 1993 ponoe

137 1998 318 2038 Invitus.
375 2000 499 2055 Fuge
517 2014 702 2055 magna:
732 2002 831 2043 licet
849 2005 934 2044 sub
951 2017 1136 2058 paupere
1156 2012 1268 2047 tecto

137 2062 278 2114 Reges
295 2069 339 2109 et
355 2077 506 2117 regum
522 2067 615 2106 vita
632 2079 901 2120 praecurrere
918 2070 1094 2110 amicos.

138 2127 303 2166 Cervus
321 2140 484 2180 equum
499 2143 648 2184 pugna
666 2133 815 2174 melior
832 2135 1137 2176 communibus
1155 2136 1298 2178 herbis

138 2191 340 2242 Pellebat,
360 2192 508 2245 donec,
526 2196 666 2249 11111101
682 2198 728 2238 111
746 2200 978 2240 certamine
997 2201 1137 2254 longo,
1422 2202 1479 2243 35

139 2255 386 2308 Imploravit
404 2270 506 2310 opoe
523 2259 721 2313 hominis,
740 2262 996 2317 frenumque
1013 2267 1194 2319 recepit:

138 2320 226 2362 Sed
245 2329 473 2384 postquam
489 2324 624 2365 victor
639 2326 805 2370 violens
822 2328 1020 2371 discessit
1034 2332 1093 2371 ab
1109 2331 1245 2383 hoste,

559 2464 745 2500 §.efflui
828 2468 1059 2509 aalide.
