1650 2730
168 126 232 175 26

704 136 972 170 mmmmm

422 241 682 284 Terminum
701 241 819 287 curis
835 253 968 294 vagor
986 239 1209 295 expeditis,

535 307 669 361 Fugit
687 307 922 348 inermem:

423 437 570 484 Quale
590 443 836 491 portentum
855 449 996 490 neque
1016 435 1214 477 militaris

423 503 624 545 Daunias
643 503 741 543 latis
763 502 839 542 alit
858 501 1098 554 aesculetis,

426 569 518 612 Nec
537 569 564 610 J
566 569 676 609 ubae
696 568 823 608 tellus
843 574 1027 622 generat,
1049 567 1225 609 leonum

538 633 671 675 Arida
690 634 850 674 nutrix.

425 765 544 807 Pone
563 777 646 816 me,
666 764 798 817 pigris
822 763 893 804 ubi
911 762 1034 804 nulla
1054 762 1222 817 campis

424 831 560 872 Arbor
579 830 745 870 aestiva
765 835 978 870 recreatur
998 841 1115 881 aura,

426 895 562 942 Quod
581 895 695 936 latus
715 894 870 935 mundi
889 894 1074 936 nebulae
1092 893 1324 948 malusque

536 961 701 1015 Jupiter
720 966 843 1014 urget
858 974 869 1014 ;

425 1091 544 1133 Pone
565 1092 647 1132 sub
666 1103 795 1132 curru
814 1090 1001 1132 nimium
1019 1089 1247 1143 propinqui

425 1157 548 1209 Solis,
570 1157 616 1198 in
636 1164 746 1198 terra
765 1156 964 1197 domibus
983 1162 1168 1209 negata:

428 1223 569 1264 Dulce
589 1222 799 1263 ridentem
817 1221 1013 1275 Lalagen
1033 1221 1200 1272 amabo,

538 1288 679 1330 Dulce
698 1287 958 1342 loquentem.

768 1500 928 1511 ——

622 1671 866 1714 GARMEN
905 1670 1073 1710 XXIII.

669 1794 741 1822 AD
783 1792 1029 1821 cHLOEN.

425 1910 545 1951 Vitas
565 1911 774 1952 hinnuleo
793 1923 863 1951 me
883 1909 1048 1961 similis,
1071 1908 1220 1960 Chloe,

425 1976 666 2021 Quaerenti
685 1976 891 2030 pavidam
908 1975 1126 2017 montibus
1147 1974 1257 2016 aviis

483 2041 678 2094 Matrem,
699 2055 790 2083 non
808 2042 900 2083 sine
919 2054 1034 2082 vano

538 2107 756 2149 Aurarum
775 2115 818 2149 et
837 2108 971 2149 silfiae
990 2112 1122 2149 metu.

426 2233 542 2276 Nam
562 2247 640 2274 seu
659 2237 886 2278 mobilibus
906 2238 1017 2279 veris
1036 2234 1245 2278 inhorruit

427 2299 656 2341 Adventus
676 2300 798 2353 foliis,
821 2315 899 2343 seu
918 2303 1076 2344 virides
1095 2302 1255 2344 rubum

365 2432 414 2465 11.
436 2431 612 2472 expeditus.
743 2431 783 2465 G.
798 2433 888 2465 xxiii,
902 2433 932 2465 5.
956 2434 1053 2472 vitis3
1073 2433 1191 2472 vepris,
1205 2431 1246 2464 de
1259 2431 1345 2474 conj.

1469 567 1524 609 15
