1612 2716
520 220 938 256 minnan.
1310 208 1407 255 211

63 327 286 370 Hesternis
303 326 420 368 vitiis
439 326 636 368 animum
653 337 828 379 quoque
846 330 1103 379 praegravat
1121 335 1222 376 una,

56 382 206 454 ‘Aque
225 393 362 447 affigit
378 393 514 433 humo
532 392 705 432 divinae
723 390 979 445 particulam
997 402 1141 431 aurae.

64 459 193 510 Alter,
213 459 287 499 ubi
306 458 419 498 dicto
437 458 563 498 citius
581 464 730 498 curata
748 457 887 510 sopori
1354 455 1412 496 80

65 523 259 564 Membra
277 522 406 574 dedit,
426 529 606 576 vegetus
624 521 882 575 praescripta
900 520 958 562 ad
976 521 1129 562 munia
1147 520 1295 573 surgit.

66 589 150 630 Hic
169 595 315 629 tamen
335 587 392 628 ad
410 587 566 628 melius
584 587 736 640 poterit
754 593 1040 627 transcurrere
1059 585 1292 639 quondam,

64 654 167 695 Sive
185 653 300 693 diem
319 651 478 692 festum
497 651 664 692 rediens
683 651 905 692 advexerit
924 663 1079 703 annus,

62 710 155 760 Seu
173 730 358 758 recreare
377 717 492 758 volet
510 723 737 757 tenuatum
755 728 921 770 corpuS,
941 717 1103 769 ubique

63 783 282 824 Accedent
301 783 417 834 anni,
437 789 480 822 et
498 783 669 823 tractari
687 781 861 823 mollius
880 788 1000 822 aetas
1356 780 1412 821 85

63 848 286 889 Imbecilla
304 847 442 900 volet3
474 848 550 888 tibi
568 847 779 900 quidnam
799 847 973 888 accedet
992 847 1050 887 ad
1068 847 1208 898 istam,

65 914 216 958 Quam
235 925 340 966 puer
358 920 401 954 et
418 913 591 953 validus
611 913 859 966 praesumis,
881 913 1114 964 mollitiem,
1135 924 1214 952 seu

66 978 189 1018 Dura
207 978 409 1019 valetudo
427 979 620 1019 inciderit
639 991 717 1019 seu
736 978 858 1018 tarda
878 985 1075 1018 senectus
1086 977 1106 1017 ‘3

66 1040 311 1083 Rancidum
331 1056 483 1095 aprum
501 1044 668 1095 antiqui
689 1043 936 1093 laudabant,
957 1055 1045 1083 non
1064 1042 1168 1094 quia
1187 1053 1320 1080 nasus

66 1108 157 1148 Illis
177 1107 324 1147 nunus
342 1114 456 1159 erat3
489 1108 574 1158 sed,
594 1108 731 1158 credo,
753 1109 836 1148 hac
855 1115 1010 1158 mente,
1031 1107 1149 1159 quod
1169 1108 1324 1160 hospes
1357 1107 1414 1147 90

66 1172 257 1212 Tardius
278 1171 511 1211 adveniens
530 1172 732 1211 vitiatum
751 1172 1028 1221 commodius,
1049 1184 1185 1223 quam

65 1237 285 1289 Integrum
304 1235 417 1275 edax
437 1235 639 1275 dominus
658 1242 936 1275 consumeret.
996 1236 1087 1275 Hos
1101 1236 1269 1275 utinam
1287 1236 1396 1275 inter

65 1302 229 1341 Heroas
247 1307 402 1341 natum
421 1300 548 1340 tellus
568 1313 637 1340 me
656 1301 794 1353 prima
813 1300 1004 1340 tulisset!
1181 1291 1187 1296 ’

65 1366 158 1407 Das
177 1365 340 1418 ahquid
360 1365 513 1416 famae,
534 1378 646 1418 quae
664 1366 852 1405 carmine
871 1365 1027 1418 gratior
1046 1377 1195 1405 aurem

66 1431 261 1484 Occupat
280 1431 546 1471 humanam:
577 1431 760 1484 grandes
780 1431 947 1470 rhombi
967 1431 1223 1483 patinaeque
1351 1430 1409 1471 95

65 1495 239 1536 Grande
257 1495 401 1535 ferunt
419 1508 508 1535 una
526 1507 628 1535 cum
646 1495 806 1535 damno
825 1494 1036 1547 dedecus;
1067 1494 1178 1535 adde

65 1561 229 1601 Iratum
248 1566 459 1612 pau-uum,
481 1560 654 1610 vicinos,
675 1567 716 1600 te
735 1560 812 1600 tibi
831 1559 1041 1612 iniquum,

67 1625 128 1665 Et
146 1622 301 1665 frustra
319 1625 466 1664 mortis
485 1624 704 1677 cupidum,
724 1637 827 1665 cum
845 1625 976 1665 deerit
995 1625 1137 1678 egenti

65 1689 140 1740 As,
161 1689 302 1741 laquei
321 1690 515 1742 pretium.
573 1690 599 1730 J
601 1702 687 1740 ure,
708 1690 859 1743 inquit,
881 1691 1096 1731 Transius
1115 1690 1208 1730 istis

66 1754 270 1806 Jurgatur
289 1754 452 1794 verbis:
481 1767 560 1807 ego
578 1754 806 1807 vectigalia
826 1768 986 1808 magna
1332 1754 1414 1795 100

69 1818 339 1870 Divitiasque
360 1818 496 1859 habeo
515 1819 650 1859 tribus
669 1820 836 1872 amplas
854 1821 1038 1873 regibus.
1097 1820 1225 1873 Ergo,

68 1882 202 1927 Quod
221 1890 402 1934 superat,
422 1895 510 1923 non
527 1891 592 1924 est
611 1884 765 1924 melius
784 1898 870 1937 quo
889 1886 1104 1926 insumere
1123 1885 1258 1938 possis
1269 1884 1289 1925 21

69 1947 159 1988 Cur
177 1955 272 2000 eget
291 1946 494 2000 indignus
512 1949 754 2000 quisquam,
775 1956 816 1989 te
834 1949 966 1989 divite
977 1950 997 1989 2²
1025 1962 1158 2002 quare

68 2011 254 2064 Templa
273 2018 405 2052 munt
423 2012 603 2065 antiqua
622 2012 780 2054 desim?
809 2026 896 2064 cur,
916 2013 1118 2066 improbe,
1138 2027 1262 2055 carae

69 2077 168 2117 Non
186 2077 350 2129 aliquid
369 2078 528 2130 patriae
548 2084 667 2118 tanto
686 2078 871 2119 emetiris
890 2090 1042 2118 acervo
1052 2078 1074 2119 ’.ἲ
1330 2078 1411 2118 105

72 2139 161 2181 Uni
180 2142 382 2183 nimirum
399 2150 510 2183 recte
530 2143 605 2183 tibi
625 2156 790 2197 semper
807 2150 932 2184 erunt
951 2156 1017 2183 res
1028 2143 1048 2184 ’.ἰ

71 2205 110 2246 Ο
131 2218 316 2259 magnus
334 2208 510 2259 posthac
530 2209 713 2250 inimicis
732 2210 867 2250 risus!
926 2210 1085 2250 Uterne

75 2270 141 2310 Ad
159 2283 287 2310 casus
305 2270 457 2311 dubios
476 2272 580 2312 fidet
598 2274 678 2314 sibi
696 2274 883 2315 certius'l
911 2275 994 2326 hic,
1014 2275 1091 2328 qui

216 2418 267 2451 79.
292 2418 414 2459 affligit.
498 2421 554 2454 95.
569 2421 722 2461 Occupet,
738 2423 891 2455 Orellim.
976 2423 1031 2455 99.
1053 2422 1145 2460 Aen
1165 2421 1279 2460 inquit·

535 2472 608 2505 106.
630 2481 757 2513 rectam
777 2475 836 2506 tibi
849 2479 946 2507 reete.
