1650 2730
515 176 767 211 numm.
831 177 1024 212 (ιω.
1341 166 1436 214 105

557 374 796 415 GARMEN
840 373 974 414 XXV.

515 514 598 542 AD
646 515 1013 543 BAccnuu.

182 640 287 686 Quo
305 652 386 691 me,
406 639 588 692 Bacche,
608 640 721 693 rapis
742 640 806 681 tui

237 705 452 746 Plenum?
480 717 591 758 quae
610 718 784 746 nemora
804 711 881 746 aut
900 718 1008 759 quos
1027 717 1131 761 agor
1152 706 1198 748 in
1218 718 1382 760 specuS,

183 770 319 812 Velox
338 777 479 811 mente
497 770 642 810 nova?
669 771 827 823 quibus

239 835 382 876 Amris
401 835 559 889 egregii
579 836 775 876 Caesaris
794 835 947 877 audiar

183 900 416 941 Aeternum
433 900 646 941 meditans
667 900 800 942 decus
1411 903 1439 944 5

239 965 381 1007 Stenis
401 965 581 1006 inserere
601 973 644 1006 et
662 966 839 1007 consilio
858 966 978 1008 Jovis
991 966 1013 1008 Ἰ

186 1030 343 1070 Dicam
361 1030 538 1083 insigne,
558 1043 715 1082 recens,
738 1031 882 1072 adhuc

240 1093 458 1134 Indictum
476 1107 546 1134 ore
566 1095 661 1135 alio.
720 1095 818 1136 Non
838 1109 962 1136 secus
981 1096 1026 1136 in
1040 1096 1157 1150 Jugis

186 1158 421 1199 Exsomnis
441 1165 581 1211 stupet
599 1159 746 1210 Evias,

242 1223 435 1263 Hebrum
452 1223 708 1275 prospiciens
726 1230 768 1263 et
786 1224 886 1264 nive
905 1223 1136 1265 candidam
1385 1226 1440 1267 10

187 1287 390 1328 Thracen
409 1300 461 1327 ac
480 1287 586 1340 pede
604 1288 781 1328 barbaro
1427 1300 1432 1306 “

140 1371 147 1377 -
241 1352 489 1393 Lustratam
508 1352 757 1405 Rhodopen,
778 1359 828 1393 ut
847 1353 956 1394 mihi
974 1353 1100 1394 devio

187 1417 321 1469 Ripas
339 1423 382 1457 et
400 1428 590 1457 vacuum
608 1429 763 1457 nemus
798 1471 802 1474 η

244 1481 388 1521 Mirari
407 1481 518 1521 libet.
577 1481 616 1522 O
637 1481 855 1522 Naiadum
872 1488 1022 1535 potens

187 1545 540 1598 Baccharumque
559 1545 798 1586 valentium
1390 1550 1442 1591 15

243 1610 440 1650 Proceras
459 1610 658 1650 manibus
678 1617 837 1651 vertere
856 1610 1057 1663 fraxinos,

187 1674 259 1715 Nil
278 1687 460 1727 parvum
478 1681 554 1715 aut
572 1675 727 1715 humili
749 1675 885 1727 modo,

243 1739 314 1779 Nil
332 1740 507 1780 mortale
527 1740 688 1793 loquar.
747 1741 887 1781 Dulce
905 1741 1143 1794 periculum
1162 1747 1238 1794 est,

188 1802 227 1843 Ο
247 1803 426 1855 Lenaee,
447 1805 568 1856 sequi
587 1804 718 1845 deum

243 1867 494 1921 (lingentem
513 1868 637 1909 viridi
656 1875 844 1922 tempora
861 1870 1075 1924 pampino.
1383 1872 1441 1912 20

360 2005 402 2039 C.
414 2017 490 2041 xxv.
506 2007 538 2040 2.
561 2018 642 2049 quae
656 2009 691 2040 in
704 2018 849 2040 nemora.
980 2009 1012 2042 6.
1035 2009 1183 2043 concilio.

665 2062 717 2094 12.
738 2071 777 2093 ac
793 2061 882 2093 mihi.

729 2109 778 2151 51
