1650 2730
215 163 311 210 130

749 170 1019 213 *mmmmm

523 275 693 317 chartis
713 272 956 315 inornatum
975 273 1119 324 silebo,
1190 307 1194 310 .

578 341 721 382 Totve
740 346 838 380 tuos
858 339 995 392 patiar
1014 338 1179 379 labores

466 472 660 524 Impune,
682 469 804 520 Lolli,
826 481 995 521 carpere
1015 466 1171 508 lividas

465 535 726 577 obliviones.
787 534 869 574 Est
888 534 1060 574 animus
1080 532 1156 573 tibi

520 601 767 652 Rerumque
787 598 973 652 prudens
993 605 1035 638 et
1055 596 1255 638 secundis

581 664 869 717 Temporibus
889 663 1118 716 dubiisque
1138 668 1304 715 rectus3

466 795 637 836 Vindex
658 807 813 835 avarae
833 792 995 833 fraudis
1015 798 1057 832 et
1077 792 1296 834 abstinens

465 861 676 902 Ducentis
697 859 753 900 ad
773 873 818 900 se
837 865 995 899 cuncta
1014 858 1248 912 pecuniae;

520 926 768 978 Consulque
788 937 875 965 non
894 924 1025 964 unius
1044 923 1158 974 anni,

575 991 662 1033 Sed
681 991 848 1044 quoties
867 990 1006 1030 bonus
1026 995 1155 1041 atque
1174 986 1291 1028 fidus

464 1123 491 1164 J
493 1121 609 1163 udex
629 1122 860 1161 honestum
880 1119 1079 1173 praetulit
1099 1118 1206 1170 utili,

462 1188 624 1241 Rejecit
643 1186 730 1227 alto
750 1185 864 1226 dona
883 1184 1129 1225 nocentium

518 1252 665 1303 Vultu,
686 1264 760 1305 per
778 1251 995 1291 obstantes
1014 1255 1208 1290 catervas

575 1316 801 1370 Explicuit
820 1328 902 1356 sua
920 1315 1054 1355 victor
1073 1327 1205 1355 arma.

463 1448 562 1488 Non
581 1446 870 1500 possidentem
889 1445 1028 1485 multa
1047 1443 1267 1484 vocaveris

461 1513 593 1553 Recte
612 1512 788 1552 beatum
801 1525 819 1550 z·
841 1510 996 1550 rectius
1015 1514 1197 1561 occupat

519 1577 687 1618 Nomen
706 1575 830 1626 beati,
852 1574 928 1627 qui
947 1573 1125 1614 deorum

575 1640 827 1681 Muneribus
847 1639 1058 1692 sapienter
1076 1637 1155 1690 uti,

462 1771 713 1820 Duramque
733 1766 860 1807 callet
880 1766 1126 1819 pauperiem
1145 1767 1245 1818 pati,

462 1835 675 1888 Pejusque
695 1831 778 1871 leto
798 1830 1013 1884 flagitium
1033 1830 1164 1881 timet,

519 1899 618 1940 Non
638 1897 708 1938 ille
729 1909 803 1950 pro
822 1896 931 1936 caris
951 1896 1101 1935 amicis

574 1963 662 2004 Aut
680 1961 817 2016 patria
836 1960 1013 2002 timidus
1032 1959 1177 2014 perire.

435 2093 475 2126 C.
491 2095 534 2126 ix.
551 2094 605 2126 31.
628 2093 724 2126 sileri.
811 2093 865 2125 41.
888 2091 959 2124 utili
974 2096 1018 2123 et.
1104 2090 1159 2123 43.
1182 2089 1281 2121 Vultu
1294 2093 1339 2122 et.
