1650 2730
142 152 212 213 58
689 178 954 211 ommim

371 282 542 323 Poenus
561 282 836 335 perhorrescit
856 295 996 335 neque
1015 284 1129 324 ultra

429 347 571 387 Caeca
591 348 710 388 timet
730 347 905 388 aliunde
925 347 1038 401 fata;

313 477 439 518 Miles
461 477 638 530 sagittas
657 484 699 517 et
718 478 898 518 celerem
917 477 1070 531 fugam

314 543 471 593 Parthi,
493 549 668 583 catenas
690 543 876 583 Parthus
896 550 938 583 et
958 543 1118 584 Italum

367 608 539 660 Robur3
572 608 647 648 sed
667 609 897 662 improvisa
917 609 990 649 leti

424 674 498 714 Vis
517 674 658 727 rapuit
677 675 894 727 rapietque
915 681 1074 728 gentes.

310 805 462 849 Quam
481 817 617 857 paene
637 803 787 844 furvae
808 818 939 858 regna
959 804 1237 858 Proserpinae

311 869 370 910 Et
383 869 650 923 judicantem
668 870 857 910 vidimus
877 871 1083 921 Aeacum,

366 934 584 987 Sedesque
605 935 808 975 discretas
828 937 1006 989 piorum,
1028 942 1071 976 et

422 1000 581 1040 Aeoliis
602 999 760 1041 fidibus
779 1008 1029 1054 querentem

307 1130 482 1183 Sappho
502 1130 655 1184 puellis
675 1130 728 1171 de
747 1131 1034 1184 popularibus,

307 1196 366 1236 Et
385 1203 425 1235 te
446 1203 671 1236 sonantem
690 1196 858 1249 plenius
879 1209 1018 1248 aureo,

361 1261 530 1312 Alcaee‚
552 1261 709 1314 plectro
729 1261 837 1302 dura
856 1261 992 1313 navis,

419 1327 542 1367 Dura
561 1326 689 1381 fugae
709 1327 838 1379 mala,
860 1327 969 1368 dura
989 1326 1119 1368 belli!

304 1456 546 1509 Utrumque
569 1469 687 1496 sacro
708 1456 840 1508 digna
860 1456 1027 1496 silentio

304 1521 516 1561 Mirantur
534 1522 710 1561 umbrae
731 1521 892 1572 dicere3
925 1520 1001 1560 sed
1020 1520 1160 1574 magis

358 1586 533 1638 Pugnas
554 1592 596 1625 et
614 1592 787 1625 exactos
808 1592 1013 1638 tyrannos

415 1651 613 1690 Densum
632 1650 821 1690 humeris
841 1651 946 1690 bibit
965 1663 1067 1690 aure
1086 1649 1260 1705 vulgus.

303 1778 426 1824 Quid
446 1779 614 1829 mirum,
636 1779 710 1818 ubi
729 1778 813 1818 illis
833 1779 1094 1820 carminibus
1115 1787 1292 1834 stupens

302 1843 499 1884 Demittit
519 1849 633 1883 atras
652 1843 796 1883 bellua
815 1845 1028 1898 centiceps

356 1909 505 1958 Aures,
528 1915 569 1948 et
589 1908 730 1948 intorti
750 1909 915 1961 capillis

412 1973 708 2014 Eumenidum
727 1981 970 2015 recreantur
989 1988 1154 2029 angues
1167 1974 1189 2017 ’.ἱ

299 2102 424 2148 Quin
443 2108 485 2142 et
504 2103 781 2143 Prometheus
802 2110 843 2143 et
863 2103 1030 2156 Pelopis
1050 2117 1206 2156 parens

300 2168 432 2209 Dulci
451 2167 646 2207 laborum
666 2168 873 2220 decipitur
893 2181 1020 2221 sono;

356 2232 447 2274 Nec
466 2238 587 2272 curat
609 2232 739 2272 Orion
760 2233 903 2271 leones

411 2298 500 2338 Aut
520 2297 690 2338 timidos
709 2297 869 2350 agitare
890 2297 1054 2349 lyncas.

358 2428 412 2460 2³.
435 2428 617 2468 discriptam
639 2427 824 2466 descriptae.
1020 2428 1073 2460 38.
1096 2428 1248 2462 laborem.

1442 283 1616 331 157-

1434 1131 1490 1171 25

1432 1521 1487 1562 30

1427 1909 1482 1951 35
