<?xml version="1.0" encoding="UTF-8"?>
<!DOCTYPE html PUBLIC "-//W3C//DTD XHTML 1.0 Transitional//EN"
    "http://www.w3.org/TR/xhtml1/DTD/xhtml1-transitional.dtd">
<html xmlns="http://www.w3.org/1999/xhtml" xml:lang="en" lang="en">
 <head>
  <title>
</title>
<meta http-equiv="Content-Type" content="text/html;charset=utf-8" />
  <meta name='ocr-system' content='tesseract 3.04.00' />
  <meta name='ocr-capabilities' content='ocr_page ocr_carea ocr_par ocr_line ocrx_word'/>
</head>
<body>
  <div class='ocr_page' id='page_1' title='image "./workswithenglis00horauoft_0188.png"; bbox 0 0 1650 2730; ppageno 0'>
   <div class='ocr_carea' id='block_1_1' title="bbox 210 189 307 238">
    <p class='ocr_par' dir='ltr' id='par_1_1' title="bbox 210 189 307 238">
     <span class='ocr_line' id='line_1_1' title="bbox 210 189 307 238; baseline -0.031 0"><span class='ocrx_word' id='word_1_1' title='bbox 210 189 307 238; x_wconf 85' lang='lat'>144</span> 
     </span>
    </p>
   </div>
   <div class='ocr_carea' id='block_1_2' title="bbox 785 186 983 223">
    <p class='ocr_par' dir='ltr' id='par_1_2' title="bbox 785 186 983 223">
     <span class='ocr_line' id='line_1_2' title="bbox 785 186 983 223; baseline -0.025 1"><span class='ocrx_word' id='word_1_2' title='bbox 785 186 983 223; x_wconf 71' lang='lat' dir='ltr'>EPODON</span> 
     </span>
    </p>
   </div>
   <div class='ocr_carea' id='block_1_3' title="bbox 705 370 1072 419">
    <p class='ocr_par' dir='ltr' id='par_1_3' title="bbox 705 370 1072 419">
     <span class='ocr_line' id='line_1_3' title="bbox 705 370 1072 419; baseline -0.025 1"><span class='ocrx_word' id='word_1_3' title='bbox 705 374 946 419; x_wconf 78' lang='lat' dir='ltr'><strong>GARMEN</strong></span> <span class='ocrx_word' id='word_1_4' title='bbox 988 370 1072 412; x_wconf 91' lang='lat'>111.</span> 
     </span>
    </p>
   </div>
   <div class='ocr_carea' id='block_1_4' title="bbox 599 509 1190 550">
    <p class='ocr_par' dir='ltr' id='par_1_4' title="bbox 599 509 1190 550">
     <span class='ocr_line' id='line_1_4' title="bbox 599 509 1190 550; baseline -0.024 0"><span class='ocrx_word' id='word_1_5' title='bbox 599 521 673 550; x_wconf 79' lang='lat' dir='ltr'>AD</span> <span class='ocrx_word' id='word_1_6' title='bbox 722 509 1190 547; x_wconf 50' lang='lat' dir='ltr'><strong>MAECENATEM„</strong></span> 
     </span>
    </p>
   </div>
   <div class='ocr_carea' id='block_1_5' title="bbox 415 638 1388 1224">
    <p class='ocr_par' dir='ltr' id='par_1_5' title="bbox 415 638 1217 766">
     <span class='ocr_line' id='line_1_5' title="bbox 415 638 1217 695; baseline -0.025 -1"><span class='ocrx_word' id='word_1_7' title='bbox 415 650 610 694; x_wconf 84' lang='lat' dir='ltr'>Parentis</span> <span class='ocrx_word' id='word_1_8' title='bbox 631 647 735 687; x_wconf 87' lang='lat' dir='ltr'>olim</span> <span class='ocrx_word' id='word_1_9' title='bbox 755 644 791 684; x_wconf 90' lang='lat' dir='ltr'>si</span> <span class='ocrx_word' id='word_1_10' title='bbox 811 642 908 695; x_wconf 89' lang='lat' dir='ltr'>quis</span> <span class='ocrx_word' id='word_1_11' title='bbox 930 638 1063 692; x_wconf 82' lang='lat' dir='ltr'>impia</span> <span class='ocrx_word' id='word_1_12' title='bbox 1083 647 1217 677; x_wconf 81' lang='lat' dir='ltr'>manu</span> 
     </span>
     <span class='ocr_line' id='line_1_6' title="bbox 473 706 982 766; baseline -0.028 -9"><span class='ocrx_word' id='word_1_13' title='bbox 473 714 616 758; x_wconf 85' lang='lat' dir='ltr'>Senile</span> <span class='ocrx_word' id='word_1_14' title='bbox 637 718 785 766; x_wconf 87' lang='lat' dir='ltr'>guttur</span> <span class='ocrx_word' id='word_1_15' title='bbox 805 706 982 760; x_wconf 84' lang='lat' dir='ltr'>fregerit,</span> 
     </span>
    </p>

    <p class='ocr_par' dir='ltr' id='par_1_6' title="bbox 417 768 1126 888">
     <span class='ocr_line' id='line_1_7' title="bbox 417 768 1126 825; baseline -0.025 -1"><span class='ocrx_word' id='word_1_16' title='bbox 417 782 524 825; x_wconf 86' lang='lat' dir='ltr'>Edit</span> <span class='ocrx_word' id='word_1_17' title='bbox 543 779 694 820; x_wconf 86' lang='lat' dir='ltr'>cicutis</span> <span class='ocrx_word' id='word_1_18' title='bbox 715 775 868 816; x_wconf 85' lang='lat' dir='ltr'>allium</span> <span class='ocrx_word' id='word_1_19' title='bbox 889 768 1126 812; x_wconf 86' lang='lat' dir='ltr'>nocentius.</span> 
     </span>
     <span class='ocr_line' id='line_1_8' title="bbox 477 834 1022 888; baseline -0.026 0"><span class='ocrx_word' id='word_1_20' title='bbox 477 847 516 888; x_wconf 90' lang='lat' dir='ltr'>O</span> <span class='ocrx_word' id='word_1_21' title='bbox 538 846 646 886; x_wconf 84' lang='lat' dir='ltr'>dura</span> <span class='ocrx_word' id='word_1_22' title='bbox 666 850 905 883; x_wconf 88' lang='lat' dir='ltr'>messorum</span> <span class='ocrx_word' id='word_1_23' title='bbox 925 834 1022 876; x_wconf 82' lang='lat' dir='ltr'>ilia!</span> 
     </span>
    </p>

    <p class='ocr_par' dir='ltr' id='par_1_7' title="bbox 421 891 1356 1026">
     <span class='ocr_line' id='line_1_9' title="bbox 421 891 1356 958; baseline -0.024 -4"><span class='ocrx_word' id='word_1_24' title='bbox 421 911 545 958; x_wconf 75' lang='lat' dir='ltr'>Quid</span> <span class='ocrx_word' id='word_1_25' title='bbox 565 909 647 950; x_wconf 88' lang='lat' dir='ltr'>hoc</span> <span class='ocrx_word' id='word_1_26' title='bbox 667 905 823 947; x_wconf 84' lang='lat' dir='ltr'>veneni</span> <span class='ocrx_word' id='word_1_27' title='bbox 844 901 981 943; x_wconf 86' lang='lat' dir='ltr'>saevit</span> <span class='ocrx_word' id='word_1_28' title='bbox 1001 899 1046 939; x_wconf 94' lang='lat' dir='ltr'>in</span> <span class='ocrx_word' id='word_1_29' title='bbox 1066 892 1321 951; x_wconf 82' lang='lat' dir='ltr'>praecordiis</span> <span class='ocrx_word' id='word_1_30' title='bbox 1334 891 1356 933; x_wconf 69' lang='grc' dir='ltr'>’,ἰ</span> 
     </span>
     <span class='ocr_line' id='line_1_10' title="bbox 481 968 1070 1026; baseline -0.025 -8"><span class='ocrx_word' id='word_1_31' title='bbox 481 977 600 1019; x_wconf 88' lang='lat' dir='ltr'>Num</span> <span class='ocrx_word' id='word_1_32' title='bbox 620 974 838 1026; x_wconf 85' lang='lat' dir='ltr'>viperinus</span> <span class='ocrx_word' id='word_1_33' title='bbox 858 968 926 1008; x_wconf 90' lang='lat' dir='ltr'>his</span> <span class='ocrx_word' id='word_1_34' title='bbox 946 977 1070 1006; x_wconf 87' lang='lat' dir='ltr'>cruor</span> 
     </span>
    </p>

    <p class='ocr_par' dir='ltr' id='par_1_8' title="bbox 423 1023 1326 1149">
     <span class='ocr_line' id='line_1_11' title="bbox 423 1023 1326 1086; baseline -0.024 -1"><span class='ocrx_word' id='word_1_35' title='bbox 423 1045 625 1086; x_wconf 86' lang='lat' dir='ltr'>Incoctus</span> <span class='ocrx_word' id='word_1_36' title='bbox 645 1037 786 1079; x_wconf 87' lang='lat' dir='ltr'>herbis</span> <span class='ocrx_word' id='word_1_37' title='bbox 806 1047 876 1075; x_wconf 86' lang='lat' dir='ltr'>me</span> <span class='ocrx_word' id='word_1_38' title='bbox 895 1030 1046 1072; x_wconf 85' lang='lat' dir='ltr'>fefellit</span> <span class='ocrx_word' id='word_1_39' title='bbox 1058 1029 1078 1069; x_wconf 75' lang='grc' dir='ltr'>’.ῖ</span> <span class='ocrx_word' id='word_1_40' title='bbox 1108 1039 1166 1068; x_wconf 85' lang='lat' dir='ltr'>an</span> <span class='ocrx_word' id='word_1_41' title='bbox 1185 1023 1326 1066; x_wconf 82' lang='lat' dir='ltr'>malas</span> 
     </span>
     <span class='ocr_line' id='line_1_12' title="bbox 483 1094 1069 1149; baseline -0.026 -1"><span class='ocrx_word' id='word_1_42' title='bbox 483 1105 667 1148; x_wconf 82' lang='lat' dir='ltr'>Canidia</span> <span class='ocrx_word' id='word_1_43' title='bbox 686 1099 885 1143; x_wconf 85' lang='lat' dir='ltr'>tractavit</span> <span class='ocrx_word' id='word_1_44' title='bbox 905 1094 1069 1149; x_wconf 69' lang='lat' dir='ltr'>dapes?</span> 
     </span>
    </p>

    <p class='ocr_par' dir='ltr' id='par_1_9' title="bbox 426 1152 1388 1224">
     <span class='ocr_line' id='line_1_13' title="bbox 426 1152 1388 1224; baseline -0.025 -9"><span class='ocrx_word' id='word_1_45' title='bbox 426 1174 487 1215; x_wconf 88' lang='lat' dir='ltr'>Ut</span> <span class='ocrx_word' id='word_1_46' title='bbox 507 1173 778 1224; x_wconf 83' lang='lat' dir='ltr'>Argonautas</span> <span class='ocrx_word' id='word_1_47' title='bbox 798 1169 962 1218; x_wconf 84' lang='lat' dir='ltr'>praeter</span> <span class='ocrx_word' id='word_1_48' title='bbox 981 1169 1131 1199; x_wconf 91' lang='lat' dir='ltr'>omnes</span> <span class='ocrx_word' id='word_1_49' title='bbox 1151 1152 1388 1196; x_wconf 86' lang='lat' dir='ltr'>candidum</span> 
     </span>
    </p>
   </div>
   <div class='ocr_carea' id='block_1_6' title="bbox 484 1226 1083 1279">
    <p class='ocr_par' dir='ltr' id='par_1_10' title="bbox 484 1226 1083 1279">
     <span class='ocr_line' id='line_1_14' title="bbox 484 1226 1083 1279; baseline -0.027 0"><span class='ocrx_word' id='word_1_50' title='bbox 484 1236 639 1279; x_wconf 87' lang='lat' dir='ltr'>Medea</span> <span class='ocrx_word' id='word_1_51' title='bbox 660 1233 812 1274; x_wconf 85' lang='lat' dir='ltr'>mirata</span> <span class='ocrx_word' id='word_1_52' title='bbox 832 1235 897 1269; x_wconf 87' lang='lat' dir='ltr'>est</span> <span class='ocrx_word' id='word_1_53' title='bbox 916 1226 1083 1274; x_wconf 88' lang='lat' dir='ltr'>ducem,</span> 
     </span>
    </p>
   </div>
   <div class='ocr_carea' id='block_1_7' title="bbox 412 1290 1139 1358">
    <p class='ocr_par' dir='ltr' id='par_1_11' title="bbox 412 1290 1139 1358">
     <span class='ocr_line' id='line_1_15' title="bbox 412 1290 1139 1358; baseline -0.028 -12"><span class='ocrx_word' id='word_1_54' title='bbox 412 1305 582 1358; x_wconf 79' lang='lat' dir='ltr'>&#39;Ignota</span> <span class='ocrx_word' id='word_1_55' title='bbox 601 1299 733 1340; x_wconf 85' lang='lat' dir='ltr'>tauris</span> <span class='ocrx_word' id='word_1_56' title='bbox 753 1296 1019 1348; x_wconf 84' lang='lat' dir='ltr'>illigaturum</span> <span class='ocrx_word' id='word_1_57' title='bbox 1034 1290 1139 1343; x_wconf 86' lang='lat' dir='ltr'>juga</span> 
     </span>
    </p>
   </div>
   <div class='ocr_carea' id='block_1_8' title="bbox 433 1360 1232 1475">
    <p class='ocr_par' dir='ltr' id='par_1_12' title="bbox 433 1360 1232 1475">
     <span class='ocr_line' id='line_1_16' title="bbox 487 1360 1041 1409; baseline -0.029 0"><span class='ocrx_word' id='word_1_58' title='bbox 487 1365 696 1409; x_wconf 86' lang='lat' dir='ltr'>Perunxit</span> <span class='ocrx_word' id='word_1_59' title='bbox 715 1363 797 1402; x_wconf 91' lang='lat' dir='ltr'>hoc</span> <span class='ocrx_word' id='word_1_60' title='bbox 817 1360 1041 1400; x_wconf 79' lang='lat' dir='ltr'>Iasonem:</span> 
     </span>
     <span class='ocr_line' id='line_1_17' title="bbox 433 1417 1232 1475; baseline -0.028 0"><span class='ocrx_word' id='word_1_61' title='bbox 433 1434 528 1475; x_wconf 85' lang='lat' dir='ltr'>Hoc</span> <span class='ocrx_word' id='word_1_62' title='bbox 548 1428 748 1471; x_wconf 86' lang='lat' dir='ltr'>delibutis</span> <span class='ocrx_word' id='word_1_63' title='bbox 768 1425 861 1465; x_wconf 86' lang='lat' dir='ltr'>ulta</span> <span class='ocrx_word' id='word_1_64' title='bbox 881 1421 1004 1462; x_wconf 90' lang='lat' dir='ltr'>donis</span> <span class='ocrx_word' id='word_1_65' title='bbox 1023 1417 1232 1471; x_wconf 82' lang='lat' dir='ltr'>pellicem,</span> 
     </span>
    </p>
   </div>
   <div class='ocr_carea' id='block_1_9' title="bbox 438 1488 1450 1607">
    <p class='ocr_par' dir='ltr' id='par_1_13' title="bbox 438 1488 1450 1607">
     <span class='ocr_line' id='line_1_18' title="bbox 491 1488 958 1549; baseline -0.03 -10"><span class='ocrx_word' id='word_1_66' title='bbox 491 1499 695 1549; x_wconf 86' lang='lat' dir='ltr'>Serpente</span> <span class='ocrx_word' id='word_1_67' title='bbox 715 1491 826 1543; x_wconf 79' lang='lat' dir='ltr'>fugit</span> <span class='ocrx_word' id='word_1_68' title='bbox 846 1488 958 1528; x_wconf 83' lang='lat' dir='ltr'>alite.</span> 
     </span>
     <span class='ocr_line' id='line_1_19' title="bbox 438 1541 1450 1607; baseline -0.027 -2"><span class='ocrx_word' id='word_1_69' title='bbox 438 1564 528 1606; x_wconf 87' lang='lat' dir='ltr'>Nec</span> <span class='ocrx_word' id='word_1_70' title='bbox 549 1567 695 1601; x_wconf 84' lang='lat' dir='ltr'>tantus</span> <span class='ocrx_word' id='word_1_71' title='bbox 716 1565 912 1607; x_wconf 83' lang='lat' dir='ltr'>unquam</span> <span class='ocrx_word' id='word_1_72' title='bbox 933 1549 1121 1590; x_wconf 86' lang='lat' dir='ltr'>siderum</span> <span class='ocrx_word' id='word_1_73' title='bbox 1141 1541 1298 1585; x_wconf 86' lang='lat' dir='ltr'>insedit</span> <span class='ocrx_word' id='word_1_74' title='bbox 1315 1550 1450 1592; x_wconf 84' lang='lat' dir='ltr'>vapor</span> 
     </span>
    </p>
   </div>
   <div class='ocr_carea' id='block_1_10' title="bbox 441 1618 1348 1735">
    <p class='ocr_par' dir='ltr' id='par_1_14' title="bbox 441 1618 1348 1735">
     <span class='ocr_line' id='line_1_20' title="bbox 493 1618 976 1672; baseline -0.027 -4"><span class='ocrx_word' id='word_1_75' title='bbox 493 1624 747 1668; x_wconf 83' lang='lat' dir='ltr'>Siticulosae</span> <span class='ocrx_word' id='word_1_76' title='bbox 767 1618 976 1672; x_wconf 83' lang='lat' dir='ltr'>Apuliae;</span> 
     </span>
     <span class='ocr_line' id='line_1_21' title="bbox 441 1669 1348 1735; baseline -0.028 -1"><span class='ocrx_word' id='word_1_77' title='bbox 441 1693 531 1735; x_wconf 90' lang='lat' dir='ltr'>Nec</span> <span class='ocrx_word' id='word_1_78' title='bbox 551 1700 713 1730; x_wconf 89' lang='lat' dir='ltr'>munus</span> <span class='ocrx_word' id='word_1_79' title='bbox 734 1682 924 1724; x_wconf 88' lang='lat' dir='ltr'>humeris</span> <span class='ocrx_word' id='word_1_80' title='bbox 944 1676 1129 1719; x_wconf 83' lang='lat' dir='ltr'>efficacis</span> <span class='ocrx_word' id='word_1_81' title='bbox 1149 1669 1348 1714; x_wconf 86' lang='lat' dir='ltr'>Herculis</span> 
     </span>
    </p>
   </div>
   <div class='ocr_carea' id='block_1_11' title="bbox 445 1747 1347 2060">
    <p class='ocr_par' dir='ltr' id='par_1_15' title="bbox 495 1747 925 1798">
     <span class='ocr_line' id='line_1_22' title="bbox 495 1747 925 1798; baseline -0.033 0"><span class='ocrx_word' id='word_1_82' title='bbox 495 1754 652 1798; x_wconf 84' lang='lat' dir='ltr'>Inarsit</span> <span class='ocrx_word' id='word_1_83' title='bbox 673 1747 925 1791; x_wconf 84' lang='lat' dir='ltr'>aestuosius.</span> 
     </span>
    </p>

    <p class='ocr_par' dir='ltr' id='par_1_16' title="bbox 445 1799 1347 1927">
     <span class='ocr_line' id='line_1_23' title="bbox 445 1799 1347 1873; baseline -0.028 -9"><span class='ocrx_word' id='word_1_84' title='bbox 445 1823 513 1873; x_wconf 88' lang='lat' dir='ltr'>At,</span> <span class='ocrx_word' id='word_1_85' title='bbox 535 1820 571 1860; x_wconf 88' lang='lat' dir='ltr'>si</span> <span class='ocrx_word' id='word_1_86' title='bbox 592 1816 697 1870; x_wconf 88' lang='lat' dir='ltr'>quid</span> <span class='ocrx_word' id='word_1_87' title='bbox 717 1823 913 1864; x_wconf 84' lang='lat' dir='ltr'>unquam</span> <span class='ocrx_word' id='word_1_88' title='bbox 934 1807 1019 1848; x_wconf 85' lang='lat' dir='ltr'>tale</span> <span class='ocrx_word' id='word_1_89' title='bbox 1039 1799 1347 1856; x_wconf 85' lang='lat' dir='ltr'>concupiveris,</span> 
     </span>
     <span class='ocr_line' id='line_1_24' title="bbox 498 1866 1091 1927; baseline -0.03 0"><span class='ocrx_word' id='word_1_90' title='bbox 498 1886 650 1927; x_wconf 83' lang='lat' dir='ltr'>Jocose</span> <span class='ocrx_word' id='word_1_91' title='bbox 671 1880 914 1926; x_wconf 82' lang='lat' dir='ltr'>MaecenaS,</span> <span class='ocrx_word' id='word_1_92' title='bbox 937 1866 1091 1926; x_wconf 85' lang='lat' dir='ltr'>precor,</span> 
     </span>
    </p>

    <p class='ocr_par' dir='ltr' id='par_1_17' title="bbox 447 1941 1247 2060">
     <span class='ocr_line' id='line_1_25' title="bbox 447 1941 1247 2001; baseline -0.028 -7"><span class='ocrx_word' id='word_1_93' title='bbox 447 1950 632 1995; x_wconf 80' lang='lat' dir='ltr'>Manum</span> <span class='ocrx_word' id='word_1_94' title='bbox 650 1946 797 2001; x_wconf 84' lang='lat' dir='ltr'>puella</span> <span class='ocrx_word' id='word_1_95' title='bbox 817 1942 936 1984; x_wconf 83' lang='lat' dir='ltr'>savio</span> <span class='ocrx_word' id='word_1_96' title='bbox 956 1942 1141 1992; x_wconf 83' lang='lat' dir='ltr'>opponat</span> <span class='ocrx_word' id='word_1_97' title='bbox 1160 1941 1247 1985; x_wconf 81' lang='lat' dir='ltr'>tuo,</span> 
     </span>
     <span class='ocr_line' id='line_1_26' title="bbox 503 2002 1183 2060; baseline -0.029 -1"><span class='ocrx_word' id='word_1_98' title='bbox 503 2017 714 2058; x_wconf 85' lang='lat' dir='ltr'>Extrema</span> <span class='ocrx_word' id='word_1_99' title='bbox 733 2017 775 2052; x_wconf 89' lang='lat' dir='ltr'>et</span> <span class='ocrx_word' id='word_1_100' title='bbox 794 2010 840 2050; x_wconf 92' lang='lat' dir='ltr'>in</span> <span class='ocrx_word' id='word_1_101' title='bbox 860 2004 1025 2060; x_wconf 82' lang='lat' dir='ltr'>sponda</span> <span class='ocrx_word' id='word_1_102' title='bbox 1044 2002 1183 2042; x_wconf 87' lang='lat' dir='ltr'>cubet.</span> 
     </span>
    </p>
   </div>
   <div class='ocr_carea' id='block_1_12' title="bbox 621 2130 1221 2177">
    <p class='ocr_par' dir='ltr' id='par_1_18' title="bbox 621 2130 1221 2177">
     <span class='ocr_line' id='line_1_27' title="bbox 621 2130 1221 2177; baseline -0.028 0"><span class='ocrx_word' id='word_1_103' title='bbox 621 2144 660 2177; x_wconf 87' lang='lat' dir='ltr'>C.</span> <span class='ocrx_word' id='word_1_104' title='bbox 675 2144 720 2175; x_wconf 87' lang='lat' dir='ltr'>iii.</span> <span class='ocrx_word' id='word_1_105' title='bbox 737 2143 769 2175; x_wconf 83' lang='lat'>3.</span> <span class='ocrx_word' id='word_1_106' title='bbox 794 2139 890 2173; x_wconf 75' lang='lat' dir='ltr'>Edat.</span> <span class='ocrx_word' id='word_1_107' title='bbox 1021 2133 1054 2166; x_wconf 86' lang='lat'>8.</span> <span class='ocrx_word' id='word_1_108' title='bbox 1077 2130 1221 2163; x_wconf 81' lang='lat' dir='ltr'>tentavit.</span> 
     </span>
    </p>
   </div>
   <div class='ocr_carea' id='block_1_13' title="bbox 1528 1211 1583 1253">
    <p class='ocr_par' dir='ltr' id='par_1_19' title="bbox 1528 1211 1583 1253">
     <span class='ocr_line' id='line_1_28' title="bbox 1528 1211 1583 1253; baseline -0.036 0"><span class='ocrx_word' id='word_1_109' title='bbox 1528 1211 1583 1253; x_wconf 93' lang='lat'>10</span> 
     </span>
    </p>
   </div>
   <div class='ocr_carea' id='block_1_14' title="bbox 1535 1535 1588 1578">
    <p class='ocr_par' dir='ltr' id='par_1_20' title="bbox 1535 1535 1588 1578">
     <span class='ocr_line' id='line_1_29' title="bbox 1535 1535 1588 1578; baseline 0 0"><span class='ocrx_word' id='word_1_110' title='bbox 1535 1535 1588 1578; x_wconf 84' lang='lat'>15</span> 
     </span>
    </p>
   </div>
  </div>
 </body>
</html>
