1612 2716
0 0 109 19 HV*

573 167 990 203 manv.
1105 196 1111 202 .
1346 153 1444 208 22¹1

626 385 839 426 SA'HBA
872 385 923 426 V.

212 543 309 584 Hoc
326 555 511 596 quoque,
531 543 712 594 '1¹iroeia,
732 550 896 596 praeter
913 550 1085 584 narrata
1103 543 1265 597 petenti

157 607 395 661 Responde,
415 609 574 662 quibus
593 609 775 648 amissas
794 621 985 662 reparare
1004 621 1163 662 queam
1182 621 1249 649 ιω
1273 656 1278 661 ,

158 674 332 714 Artibus
349 681 480 727 atque
498 673 647 714 modis.
705 673 829 719 Quid
859 674 970 714 ridoe
981 674 1215 715 :1—Jamne
1233 673 1381 715 doloso

158 738 257 779 Non
275 739 382 779 satis
399 746 464 779 est
482 739 679 780 Ithacam
697 739 843 780 revehi
861 740 1103 792 patriosque
1122 746 1298 793 penates

158 803 517 857 Adspiwezt-o
536 804 645 845 nulli
664 804 904 858 quidquam
923 805 1109 856 mentite,
1130 804 1253 845 vides
1272 811 1322 846 ut
1419 805 1447 846 5

159 868 317 910 Nudus
334 870 542 923 inopsque
560 870 739 910 domum
757 870 942 921 redeam,
964 877 1003 910 te
1018 877 1142 923 vate;
1172 883 1313 923 neque
1332 870 1420 911 illic

158 934 249 974 Aut
266 935 473 988 apotheca
491 936 627 988 procis
646 936 808 975 intacta
826 943 892 975 ωε
910 943 989 976 aut
1006 948 1164 988 pecus:
1194 936 1317 988 atqui

159 999 221 1039 Et
238 1012 374 1052 genus
393 1007 436 1040 et
454 1001 601 1051 virtus,
623 1001 705 1041 nisi
722 1013 825 1041 cum
845 1014 900 1051 re,
921 1001 1044 1040 vilior
1062 1001 1163 1053 alga
1184 1008 1319 1041 est.—

159 1063 352 1109 Quando
370 1065 614 1117 pauperiem
632 1066 775 1105 missis
794 1066 1049 1117 ambagibus
1068 1065 1223 1116 horrae,

160 1129 330 1182 Accipe,
350 1141 439 1180 qua
457 1129 616 1169 ratione
635 1142 770 1181 queas
789 1129 1003 1169 ditescere.
1061 1129 1243 1169 Turdus
1393 1129 1450 1170 10

160 1195 262 1236 Sive
281 1193 400 1234 aliud
420 1194 589 1246 privum
608 1193 779 1233 dabitur
796 1194 883 1243 tibi,
903 1193 1070 1233 devolet
1089 1193 1205 1244 illuc,

160 1260 247 1301 Bm
266 1259 341 1300 ubi
360 1271 519 1311 magna
538 1258 653 1307 nitet,
674 1257 847 1296 domino
866 1269 990 1296 sene:
1019 1257 1165 1297 dulcia
1182 1269 1311 1310 poma

163 1324 222 1365 Et
239 1335 519 1376 quoscunque
538 1321 641 1362 seret
658 1321 801 1361 cultus
820 1321 896 1361 tibi
915 1320 1079 1361 fundus
1097 1322 1291 1374 honores,

160 1390 275 1430 Ante
292 1388 449 1429 Larem
468 1393 610 1440 gustet
628 1385 908 1426 venerabilior
925 1386 1036 1426 Lare
1057 1386 1205 1439 divae3

160 1454 256 1500 Qui
273 1453 472 1506 quamvis
491 1453 683 1505 perjurus
701 1452 789 1502 erit,
809 1451 902 1492 sine
921 1458 1057 1504 gente,
1077 1458 1281 1493 cruentus
1392 1452 1448 1494 15

161 1518 383 1571 Sanguine
401 1516 595 1567 fratemo‚
615 1515 835 1569 fugitivus,
855 1529 912 1557 ne
930 1523 1075 1557 tamen
1094 1517 1156 1557 illi

162 1583 236 1624 'ru
257 1595 399 1622 comes
417 1582 607 1632 exterior,
630 1582 666 1622 si
685 1582 883 1634 postulet,
904 1582 964 1622 ire
982 1595 1224 1623 recuses.—

162 1648 277 1689 Utne
295 1654 439 1700 tegam
457 1659 610 1699 spurco
629 1647 797 1687 Damae
817 1647 931 1687 latus
942 1647 963 1687 ’.ῑ
1019 1647 1153 1687 Haud
1170 1647 1232 1688 ita
1250 1647 1407 1702 Trojne

162 1713 235 1754 Me
253 1712 378 1766 goesi,
397 1719 566 1752 certans
584 1725 751 1765 semper
768 1712 1201 1767 melioribus.-Ergo

161 1777 330 1830 Pauper
347 1777 673 1817 eris—Fortem
690 1777 773 1817 hoc
791 1778 989 1818 animum
1008 1778 1183 1819 tolerare
1195 1778 1373 1832 jubebo:
1391 1778 1450 1819 20

162 1841 222 1882 Et
239 1841 460 1893 quondam
478 1843 638 1895 majora
655 1842 749 1883 tuli.
807 1842 884 1883 Tu
902 1843 1106 1896 protinus,
1127 1843 1244 1884 unde

162 1905 347 1946 Divitias
366 1906 559 1958 aerisque
577 1919 713 1957 ruam,
733 1906 803 1946 dic
822 1920 972 1960 augur,
994 1921 1240 1948 acervos.—

162 1970 267 2010 Dixi
286 1970 486 2022 equidem
504 1977 546 2010 et
565 1970 685 2011 dico:
714 1978 859 2024 captes
878 1979 1049 2012 astutus
1067 1973 1228 2025 ubique

162 2035 444 2076 'roemmenta
463 2048 628 2087 senum,
648 2048 746 2087 neu,
768 2036 805 2076 si
823 2036 943 2076 vafer
962 2049 1078 2077 unus
1096 2043 1140 2078 et
1157 2037 1265 2079 alter

162 2099 457 2141 Insidiatorem
476 2114 669 2154 praeroso
687 2100 842 2154 fugerit
860 2102 1000 2153 hamo,
1391 2101 1449 2143 25

163 2165 254 2204 Aut
271 2176 391 2216 spem
408 2165 596 2217 deponas
615 2172 692 2206 aut
710 2157 845 2206 artem
863 2166 1018 2207 illusus
1035 2166 1219 2207 omittas.

166 2229 329 2281 Magna
346 2229 536 2269 minorve
555 2229 644 2270 foro
662 2231 698 2270 si
717 2244 784 2271 ιω
802 2232 1031 2271 certabitur
1047 2231 1162 2282 olim,

166 2293 293 2334 Vivet
310 2299 405 2333 uter
422 2293 611 2346 locuples
629 2295 721 2335 sine
739 2296 892 2348 gnatis,
912 2296 1140 2348 improbus,
1160 2295 1272 2336 ultro

474 2432 511 2464 S.
524 2443 555 2465 v.
570 2433 605 2465 3.
626 2433 747 2471 (idue,
763 2438 817 2475 (nt
829 2436 876 2467 uit
889 2435 1083 2472 ωοαίου).
