1650 2730
123 170 187 218 32
553 188 557 191 ·
670 180 937 214 ommim

181 285 237 328 At
255 291 315 338 tu,
335 291 481 337 nauta,
502 298 641 339 vagae
660 298 715 325 ne
735 297 860 338 parce
879 284 1097 339 malignus
1116 297 1272 326 arenae

291 352 473 405 Ossibus
494 358 537 392 et
555 352 686 405 capiti
706 351 933 391 inhumato

178 417 441 458 Particulam
455 417 555 458 dare
571 432 579 458 :
602 418 674 469 sic,
690 417 980 470 quodcunque
996 417 1228 458 minabitur
1242 417 1388 459 Eurus
1417 418 1474 460 25

292 484 516 524 Fluctibus
537 483 764 536 Hesperiis,
787 483 1032 523 Venusinae

178 548 425 590 Plectantur
445 550 590 601 silvae,
614 557 654 589 te
675 549 852 601 sospite:
884 549 1108 602 multaque
1128 562 1303 602 merces,

293 615 416 656 Unde
436 622 582 668 potest,
605 615 681 655 tibi
700 614 864 655 defluat
883 627 1021 667 aequo

179 680 249 721 Ab
267 680 373 722 Jove
394 681 680 733 Neptunoque
701 681 810 720 sacri
829 680 1005 720 custode
1026 681 1217 722 Tarenti.
1255 725 1259 729 ,

292 746 484 799 Negligis
505 746 726 786 immeritis
747 747 986 786 nocituram
1418 745 1476 787 30

179 811 409 852 Postmodo
429 819 469 852 te
490 813 602 852 natis
622 811 818 852 fraudem
837 813 1130 853 committeret!
1187 814 1295 854 Fors
1315 820 1357 853 et

293 879 450 918 Debita
463 880 562 932 jura
582 879 783 931 vicesque
805 879 1009 931 superbae

181 942 250 984 Te
268 951 473 984 maneant
492 945 635 997 ipsum
652 959 660 985 ε
691 944 886 997 precibus
906 957 992 984 non
1013 944 1183 997 linquar
1202 944 1362 996 inultis,

292 1009 446 1062 Teque
466 1010 637 1063 piacula
657 1010 779 1050 nulla
798 1009 1020 1050 resolvent.

180 1074 466 1127 Quamquam
486 1075 674 1127 festinas,
691 1089 778 1116 non
798 1083 862 1116 est
881 1089 1001 1117 mora
1020 1075 1173 1130 longa:
1203 1075 1347 1117 licebit
1419 1076 1477 1118 35
1504 1105 1515 1110 ·

292 1140 452 1195 Injecto
472 1148 533 1182 ter
552 1142 726 1195 pulvere
746 1155 904 1182 cuxras.

583 1526 823 1567 GARMEN
859 1526 1018 1566 XXIX

633 1667 704 1694 AD
743 1667 967 1695 LOCIUM.

350 1793 446 1844 Ioci,
468 1794 604 1834 beatis
624 1806 741 1835 nunc
762 1795 955 1836 Arabum
974 1795 1143 1837 invides

349 1859 489 1911 Gazis‚
511 1867 553 1900 et
573 1873 715 1901 acrem
735 1861 934 1902 militiam
953 1875 1078 1915 paras

403 1925 500 1966 Non
521 1932 620 1966 ante
640 1927 818 1967 devictis
839 1928 1031 1969 Sabaeae

460 1991 661 2046 Regibus,
683 1993 956 2047 horribilique
976 1992 1106 2034 Medo

347 2131 492 2172 Nectis
513 2139 688 2172 catenas
701 2134 720 2173 ’.ἲ
778 2135 908 2179 Quae
928 2135 1005 2175 tibi
1023 2134 1253 2188 virginum,
1447 2136 1477 2178 5

350 2196 516 2250 Sponso
536 2205 697 2248 necato,
719 2199 900 2239 barbara
921 2200 1107 2240 serviet?

403 2262 516 2303 Puer
535 2263 631 2314 quis
652 2276 706 2302 ex
727 2264 830 2304 aula
849 2265 1016 2318 capillis

458 2326 528 2368 Ad
548 2328 758 2380 cyathum
780 2336 990 2371 statuetur
1008 2330 1162 2382 unctis,

691 2469 744 2501 31.
769 2469 903 2501 Forsan.
