1612 2716
0 0 55 24 Ψ
63 0 76 17 Γ,
85 0 144 17 Τ-’Ἳ
156 0 359 18 ’ἎἯ
368 0 382 5 ““

535 187 767 221 tamn.
832 187 938 220 αι.
1310 177 1398 222 M

59 293 242 335 Cervius
258 292 392 334 iratus
410 291 527 345 leges
544 291 767 332 minitatur
783 296 828 331 et
844 302 1013 342 urnam,

59 358 243 400 Canidia
261 357 420 407 Albuti,
442 357 600 410 quibus
619 363 683 396 ωε
703 355 888 407 inimica,
908 367 1141 407 venenum,

60 423 231 465 Grande
251 423 417 463 malum
435 422 612 472 Turius,
633 422 669 462 si
689 421 795 474 quid
815 434 861 461 se
874 420 1020 475 judice
1038 428 1185 461 certes.

59 489 130 539 Ut,
151 501 238 541 quo
256 488 439 541 quisque
458 486 585 538 valet,
605 493 825 540 suspectos
844 492 1008 538 terreat,
1030 493 1165 538 utque
1352 485 1410 526 50

60 554 244 607 Imperet
262 553 345 593 hoe
362 558 519 592 natura
536 558 699 605 potens,
719 551 780 592 sic
799 551 951 604 collige
970 563 1167 591 mecum:

63 619 201 660 Dente
221 618 362 671 lupus,
375 630 514 660 ,comu
532 624 681 658 taurus
700 618 827 671 petit:
856 616 984 667 unde,
1004 617 1087 657 nisi
1106 617 1225 656 intus

64 684 351 725 monstratum
363 683 383 723 :1
439 683 632 724 Scaevae
651 683 849 723 vivacem
868 681 993 723 crede
1013 681 1157 735 nepoti

64 749 258 800 Matrem,
278 748 340 788 nil
359 747 486 788 faciet
505 748 675 788 sceleris
693 748 765 801 pia
784 747 987 799 dextera;
1019 747 1188 798 mirum,

63 814 123 856 Ut
134 827 274 867 neque
285 813 403 853 calce
416 813 545 866 lupus
556 826 831 866 quemquam,
840 825 981 865 neque
992 811 1119 852 dente
1131 811 1236 865 petit
1244 810 1342 862 bos;
1357 809 1413 851 55

64 879 151 920 Sed
170 878 286 919 mala
306 878 423 918 tollet
442 891 576 919 anum
595 879 744 919 vitiato
763 878 889 918 melle
908 878 1062 918 cicuta.

66 943 132 984 Ne
150 943 330 997 longum
348 942 529 984 faciam:
560 956 637 984 seu
656 956 726 984 me
745 942 977 996 tranquilla
996 947 1195 983 senectus
1211 993 1217 996 ,

66 1008 312 1061 Exspectat,
334 1021 411 1048 seu
431 1021 543 1048 mors
562 1009 665 1048 atris
683 1008 964 1049 circumvolat
983 1007 1076 1058 alis,

67 1073 213 1123 Dives,
234 1073 368 1125 inops,
387 1073 561 1124 Romae,
583 1087 660 1113 seu
680 1073 765 1113 fors
785 1074 845 1113 ita
858 1073 1043 1127 jusserit,
1062 1070 1202 1121 exsul,

67 1137 280 1190 Quisquis
299 1137 376 1176 erit
394 1137 519 1187 vitae,
541 1138 736 1188 scribam,
757 1137 979 1178 colon—O
1000 1149 1116 1189 puer,
1136 1142 1186 1176 ut
1206 1134 1264 1175 sis
1358 1133 1416 1174 60

68 1202 232 1253 Vitatis,
253 1208 408 1252 metuo,
429 1208 472 1241 et
491 1202 699 1255 majorum
718 1215 772 1242 ne
792 1203 890 1254 quis
909 1202 1076 1241 amicus

69 1268 243 1320 Frigore
263 1274 304 1307 te
323 1266 636 1311 feriat—Quid
648 1267 667 1306 ’.ῑ
697 1279 799 1307 011111
816 1273 882 1306 est
899 1266 1095 1306 Lucilius
1114 1277 1250 1305 ausus

70 1333 241 1373 Primus
259 1332 305 1372 in
324 1332 442 1372 hunc
461 1331 599 1384 operis
618 1344 868 1384 componere
887 1331 1079 1370 carmina
1097 1342 1272 1380 morem,

69 1397 302 1439 Detrahere
320 1403 363 1436 et
381 1396 547 1449 pellem,
568 1395 730 1436 nitidus
749 1409 838 1448 qua
856 1396 1038 1448 quisque
1058 1408 1132 1448 per
1149 1407 1224 1435 ora

70 1462 259 1513 Cederet,
279 1462 508 1502 introrsum
527 1462 685 1514 turpis3
715 1474 824 1502 num
842 1461 1019 1502 Laelius
1038 1467 1113 1500 aut
1131 1460 1209 1512 qui
1361 1457 1418 1499 65

72 1527 212 1570 Duxit
231 1528 287 1567 ab
305 1540 505 1580 oppressa
523 1527 724 1567 meritum
744 1527 1005 1580 Carthagine
1025 1538 1195 1577 nomen,

71 1593 252 1646 Ingenio
270 1591 421 1632 offensi
440 1598 517 1631 aut
536 1591 652 1632 laeso
672 1592 844 1632 doluere
864 1592 1039 1632 Metello

73 1657 355 1708 Famosisque
374 1656 499 1709 Lupo
518 1663 712 1709 cooperto
730 1657 924 1698 versibus
936 1658 955 1697 ’.Ι
1012 1656 1148 1708 Atqui

72 1723 281 1763 Primorae
300 1722 446 1775 populi
466 1722 642 1774 arripuit
660 1722 953 1775 populumque
973 1721 1176 1772 tributim,

73 1787 246 1829 Scilicet
264 1787 342 1826 uni
361 1800 527 1839 aequus
547 1787 693 1827 virtuti
712 1794 842 1840 atque
861 1789 953 1842 ejus
972 1788 1134 1828 amicis.
1363 1785 1421 1826 70

74 1852 199 1896 Quin
219 1851 293 1891 ubi
313 1864 358 1891 se
378 1865 406 1891 a
424 1852 557 1904 vulgo
576 1860 617 1892 et
638 1866 767 1893 scena
785 1854 831 1894 in
851 1860 1012 1893 secreta
1030 1858 1245 1893 remorant

76 1917 222 1958 Virtus
242 1915 467 1968 Scipiadae
486 1924 528 1956 et
546 1918 662 1957 mitis
682 1919 890 1970 sapientia
910 1918 1044 1968 Laeli,
1130 1932 1134 1935 ·

76 1981 242 2035 Nugari
261 1994 363 2021 cum
382 1980 455 2021 illo
473 1988 516 2021 et
534 1981 726 2022 discincti
748 1982 904 2032 ludere,
927 1982 1063 2022 donec

79 2049 396 2100 Decoqueretur
413 2047 520 2098 olus,
538 2047 661 2087 soliti.
718 2047 948 2099 Quidquid
967 2059 1066 2087 sum
1085 2059 1175 2099 ego,
1195 2045 1397 2100 quamvis

80 2113 197 2154 Infra
215 2101 378 2153 Lucil?
375 2125 555 2153 censum
573 2113 891 2166 ingeniumque,
913 2119 1058 2152 tamen
1077 2124 1148 2152 me
1370 2110 1426 2151 ⁷5

83 2179 197 2218 Cum
217 2177 386 2230 magnis
404 2178 564 2218 vixisse
584 2178 718 2218 invita
738 2178 936 2218 fatebitur
955 2190 1094 2230 usque

84 2242 265 2292 Invidia,
286 2249 327 2281 et
346 2241 485 2294 fragili
504 2255 712 2294 quaerens
732 2243 890 2283 illidere
910 2243 1094 2293 dentem,

87 2306 286 2348 Offendet
305 2305 449 2356 solido,
471 2307 552 2346 nisi
572 2307 677 2359 quid
696 2315 756 2358 tu,
777 2308 899 2348 docte
920 2308 1109 2358 Trebati,

460 2465 515 2497 49.
536 2466 802 2504 nimuh—certet.
887 2466 942 2497 65.
964 2465 1074 2503 etqui.
