<?xml version="1.0" encoding="UTF-8"?>
<!DOCTYPE html PUBLIC "-//W3C//DTD XHTML 1.0 Transitional//EN"
    "http://www.w3.org/TR/xhtml1/DTD/xhtml1-transitional.dtd">
<html xmlns="http://www.w3.org/1999/xhtml" xml:lang="en" lang="en">
 <head>
  <title>
</title>
<meta http-equiv="Content-Type" content="text/html;charset=utf-8" />
  <meta name='ocr-system' content='tesseract 3.04.00' />
  <meta name='ocr-capabilities' content='ocr_page ocr_carea ocr_par ocr_line ocrx_word'/>
</head>
<body>
  <div class='ocr_page' id='page_1' title='image "./workswithenglis00horauoft_0067.png"; bbox 0 0 1650 2730; ppageno 0'>
   <div class='ocr_carea' id='block_1_1' title="bbox 550 167 1448 223">
    <p class='ocr_par' dir='ltr' id='par_1_1' title="bbox 550 167 1448 223">
     <span class='ocr_line' id='line_1_1' title="bbox 550 167 1448 223; baseline 0.007 -6"><span class='ocrx_word' id='word_1_1' title='bbox 550 182 765 218; x_wconf 74' lang='lat' dir='ltr'><strong>rmnr.</strong></span> <span class='ocrx_word' id='word_1_2' title='bbox 828 183 1011 218; x_wconf 67' lang='lat' dir='ltr'><strong>dxix.</strong></span> <span class='ocrx_word' id='word_1_3' title='bbox 1379 167 1448 223; x_wconf 65' lang='lat'><strong>28</strong></span> 
     </span>
    </p>
   </div>
   <div class='ocr_carea' id='block_1_2' title="bbox 100 282 1450 602">
    <p class='ocr_par' dir='ltr' id='par_1_2' title="bbox 101 282 1136 341">
     <span class='ocr_line' id='line_1_2' title="bbox 101 282 1136 341; baseline 0.002 -14"><span class='ocrx_word' id='word_1_4' title='bbox 101 282 339 338; x_wconf 63' lang='lat' dir='ltr'><strong>nobellum,</strong></span> <span class='ocrx_word' id='word_1_5' title='bbox 356 292 505 327; x_wconf 86' lang='lat' dir='ltr'><strong>monet</strong></span> <span class='ocrx_word' id='word_1_6' title='bbox 521 286 730 328; x_wconf 77' lang='lat' dir='ltr'><strong>Sithoniis</strong></span> <span class='ocrx_word' id='word_1_7' title='bbox 747 299 836 328; x_wconf 86' lang='lat' dir='ltr'><strong>non</strong></span> <span class='ocrx_word' id='word_1_8' title='bbox 854 287 964 328; x_wconf 80' lang='lat' dir='ltr'><strong>levis</strong></span> <span class='ocrx_word' id='word_1_9' title='bbox 980 287 1136 341; x_wconf 68' lang='lat' dir='ltr'><strong>Evina,</strong></span> 
     </span>
    </p>

    <p class='ocr_par' dir='ltr' id='par_1_3' title="bbox 100 349 1450 534">
     <span class='ocr_line' id='line_1_3' title="bbox 100 349 1450 406; baseline 0.004 -15"><span class='ocrx_word' id='word_1_10' title='bbox 100 350 217 391; x_wconf 87' lang='lat' dir='ltr'><strong>Cum</strong></span> <span class='ocrx_word' id='word_1_11' title='bbox 233 349 302 392; x_wconf 72' lang='lat' dir='ltr'><strong>fiis</strong></span> <span class='ocrx_word' id='word_1_12' title='bbox 319 358 450 404; x_wconf 81' lang='lat' dir='ltr'><strong>atque</strong></span> <span class='ocrx_word' id='word_1_13' title='bbox 468 351 592 392; x_wconf 80' lang='lat' dir='ltr'><strong>nefas</strong></span> <span class='ocrx_word' id='word_1_14' title='bbox 609 353 769 406; x_wconf 82' lang='lat' dir='ltr'><strong>exiguo</strong></span> <span class='ocrx_word' id='word_1_15' title='bbox 787 352 875 394; x_wconf 86' lang='lat' dir='ltr'><strong>fine</strong></span> <span class='ocrx_word' id='word_1_16' title='bbox 892 352 1123 394; x_wconf 88' lang='lat' dir='ltr'>libidinum</span> <span class='ocrx_word' id='word_1_17' title='bbox 1394 363 1450 404; x_wconf 86' lang='lat'><strong>10</strong></span> 
     </span>
     <span class='ocr_line' id='line_1_4' title="bbox 101 414 1287 470; baseline 0.003 -15"><span class='ocrx_word' id='word_1_18' title='bbox 101 414 362 456; x_wconf 72' lang='lat' dir='ltr'><strong>Disoemunt</strong></span> <span class='ocrx_word' id='word_1_19' title='bbox 380 417 510 456; x_wconf 82' lang='lat' dir='ltr'><strong>avidi.</strong></span> <span class='ocrx_word' id='word_1_20' title='bbox 569 417 668 458; x_wconf 82' lang='lat' dir='ltr'><strong>Non</strong></span> <span class='ocrx_word' id='word_1_21' title='bbox 686 430 766 470; x_wconf 83' lang='lat' dir='ltr'><strong>ego</strong></span> <span class='ocrx_word' id='word_1_22' title='bbox 785 426 838 468; x_wconf 87' lang='lat' dir='ltr'><strong>te,</strong></span> <span class='ocrx_word' id='word_1_23' title='bbox 857 418 1041 458; x_wconf 83' lang='lat' dir='ltr'>candide</span> <span class='ocrx_word' id='word_1_24' title='bbox 1061 419 1287 470; x_wconf 71' lang='lat' dir='ltr'><strong>Bassareu,</strong></span> 
     </span>
     <span class='ocr_line' id='line_1_5' title="bbox 102 480 1165 534; baseline 0.004 -14"><span class='ocrx_word' id='word_1_25' title='bbox 102 480 293 521; x_wconf 85' lang='lat' dir='ltr'><strong>Invitum</strong></span> <span class='ocrx_word' id='word_1_26' title='bbox 311 482 517 534; x_wconf 85' lang='lat' dir='ltr'><strong>quatiam,</strong></span> <span class='ocrx_word' id='word_1_27' title='bbox 536 494 616 522; x_wconf 85' lang='lat' dir='ltr'><strong>nec</strong></span> <span class='ocrx_word' id='word_1_28' title='bbox 637 483 767 523; x_wconf 80' lang='lat' dir='ltr'><strong>variis</strong></span> <span class='ocrx_word' id='word_1_29' title='bbox 784 483 924 524; x_wconf 78' lang='lat' dir='ltr'><strong>obsita</strong></span> <span class='ocrx_word' id='word_1_30' title='bbox 942 482 1165 524; x_wconf 72' lang='lat' dir='ltr'><strong>frondibus</strong></span> 
     </span>
    </p>

    <p class='ocr_par' dir='ltr' id='par_1_4' title="bbox 100 545 1269 602">
     <span class='ocr_line' id='line_1_6' title="bbox 100 545 1269 602; baseline 0.003 -17"><span class='ocrx_word' id='word_1_31' title='bbox 100 545 194 586; x_wconf 89' lang='lat' dir='ltr'><strong>Sub</strong></span> <span class='ocrx_word' id='word_1_32' title='bbox 212 546 363 586; x_wconf 84' lang='lat' dir='ltr'><strong>divum</strong></span> <span class='ocrx_word' id='word_1_33' title='bbox 382 547 562 599; x_wconf 86' lang='lat' dir='ltr'><strong>rapiam.</strong></span> <span class='ocrx_word' id='word_1_34' title='bbox 616 547 759 588; x_wconf 83' lang='lat' dir='ltr'><strong>Saeva</strong></span> <span class='ocrx_word' id='word_1_35' title='bbox 779 555 875 588; x_wconf 88' lang='lat' dir='ltr'><strong>tene</strong></span> <span class='ocrx_word' id='word_1_36' title='bbox 894 560 998 588; x_wconf 86' lang='lat' dir='ltr'><strong>cum</strong></span> <span class='ocrx_word' id='word_1_37' title='bbox 1015 549 1269 602; x_wconf 85' lang='lat' dir='ltr'><strong>Berecyntio</strong></span> 
     </span>
    </p>
   </div>
   <div class='ocr_carea' id='block_1_3' title="bbox 100 610 1448 731">
    <p class='ocr_par' dir='ltr' id='par_1_5' title="bbox 100 610 1448 731">
     <span class='ocr_line' id='line_1_7' title="bbox 100 610 1335 666; baseline 0.003 -16"><span class='ocrx_word' id='word_1_38' title='bbox 100 610 247 650; x_wconf 89' lang='lat' dir='ltr'><strong>Cornu</strong></span> <span class='ocrx_word' id='word_1_39' title='bbox 268 618 487 664; x_wconf 80' lang='lat' dir='ltr'><strong>tympana,</strong></span> <span class='ocrx_word' id='word_1_40' title='bbox 506 624 620 664; x_wconf 86' lang='lat' dir='ltr'><strong>quae</strong></span> <span class='ocrx_word' id='word_1_41' title='bbox 639 612 915 665; x_wconf 78' lang='lat' dir='ltr'><strong>subsequitur</strong></span> <span class='ocrx_word' id='word_1_42' title='bbox 932 626 1096 654; x_wconf 86' lang='lat' dir='ltr'><strong>caecus</strong></span> <span class='ocrx_word' id='word_1_43' title='bbox 1114 626 1236 654; x_wconf 87' lang='lat' dir='ltr'><strong>amor</strong></span> <span class='ocrx_word' id='word_1_44' title='bbox 1255 612 1335 666; x_wconf 89' lang='lat' dir='ltr'><strong>sui,</strong></span> 
     </span>
     <span class='ocr_line' id='line_1_8' title="bbox 100 674 1448 731; baseline 0.004 -16"><span class='ocrx_word' id='word_1_45' title='bbox 100 674 161 715; x_wconf 80' lang='lat' dir='ltr'><strong>Et</strong></span> <span class='ocrx_word' id='word_1_46' title='bbox 179 675 332 716; x_wconf 82' lang='lat' dir='ltr'><strong>tollens</strong></span> <span class='ocrx_word' id='word_1_47' title='bbox 350 688 542 716; x_wconf 78' lang='lat' dir='ltr'><strong>vaenum</strong></span> <span class='ocrx_word' id='word_1_48' title='bbox 560 677 658 730; x_wconf 79' lang='lat' dir='ltr'><strong>plus</strong></span> <span class='ocrx_word' id='word_1_49' title='bbox 677 678 811 718; x_wconf 90' lang='lat' dir='ltr'><strong>nimio</strong></span> <span class='ocrx_word' id='word_1_50' title='bbox 830 677 965 731; x_wconf 82' lang='lat' dir='ltr'><strong>gloria</strong></span> <span class='ocrx_word' id='word_1_51' title='bbox 982 679 1200 731; x_wconf 74' lang='lat' dir='ltr'><strong>verticem,</strong></span> <span class='ocrx_word' id='word_1_52' title='bbox 1397 681 1448 720; x_wconf 87' lang='lat'><strong>15</strong></span> 
     </span>
    </p>
   </div>
   <div class='ocr_carea' id='block_1_4' title="bbox 98 739 1092 796">
    <p class='ocr_par' dir='ltr' id='par_1_6' title="bbox 98 739 1092 796">
     <span class='ocr_line' id='line_1_9' title="bbox 98 739 1092 796; baseline 0.004 -15"><span class='ocrx_word' id='word_1_53' title='bbox 98 739 342 794; x_wconf 73' lang='lat' dir='ltr'><strong>Arcanique</strong></span> <span class='ocrx_word' id='word_1_54' title='bbox 360 740 470 782; x_wconf 69' lang='lat' dir='ltr'><strong>fidoe</strong></span> <span class='ocrx_word' id='word_1_55' title='bbox 487 741 676 796; x_wconf 81' lang='lat' dir='ltr'><strong>prodiga,</strong></span> <span class='ocrx_word' id='word_1_56' title='bbox 695 743 953 796; x_wconf 84' lang='lat' dir='ltr'><strong>perlucidior</strong></span> <span class='ocrx_word' id='word_1_57' title='bbox 970 744 1092 785; x_wconf 86' lang='lat' dir='ltr'><strong>vitro.</strong></span> 
     </span>
    </p>
   </div>
   <div class='ocr_carea' id='block_1_5' title="bbox 577 1098 970 1140">
    <p class='ocr_par' dir='ltr' id='par_1_7' title="bbox 577 1098 970 1140">
     <span class='ocr_line' id='line_1_10' title="bbox 577 1098 970 1140; baseline 0.005 -2"><span class='ocrx_word' id='word_1_58' title='bbox 577 1098 816 1139; x_wconf 78' lang='lat' dir='ltr'>GABMEN</span> <span class='ocrx_word' id='word_1_59' title='bbox 851 1101 970 1140; x_wconf 84' lang='lat' dir='ltr'>XIX.</span> 
     </span>
    </p>
   </div>
   <div class='ocr_carea' id='block_1_6' title="bbox 515 1216 1026 1249">
    <p class='ocr_par' dir='ltr' id='par_1_8' title="bbox 515 1216 1026 1249">
     <span class='ocr_line' id='line_1_11' title="bbox 515 1216 1026 1249; baseline 0.012 -6"><span class='ocrx_word' id='word_1_60' title='bbox 515 1216 594 1244; x_wconf 72' lang='lat' dir='ltr'><strong>AD</strong></span> <span class='ocrx_word' id='word_1_61' title='bbox 640 1218 1026 1249; x_wconf 65' lang='lat' dir='ltr'>GLYCRRAH.</span> 
     </span>
    </p>
   </div>
   <div class='ocr_carea' id='block_1_7' title="bbox 296 1321 1450 2338">
    <p class='ocr_par' dir='ltr' id='par_1_9' title="bbox 296 1321 1450 2338">
     <span class='ocr_line' id='line_1_12' title="bbox 300 1321 872 1376; baseline 0.007 -15"><span class='ocrx_word' id='word_1_62' title='bbox 300 1321 440 1362; x_wconf 76' lang='lat' dir='ltr'><strong>Mater</strong></span> <span class='ocrx_word' id='word_1_63' title='bbox 457 1335 588 1363; x_wconf 79' lang='lat' dir='ltr'><strong>saeva</strong></span> <span class='ocrx_word' id='word_1_64' title='bbox 607 1323 872 1376; x_wconf 85' lang='lat' dir='ltr'><strong>Cupidinum</strong></span> 
     </span>
     <span class='ocr_line' id='line_1_13' title="bbox 355 1386 1248 1448; baseline 0.009 -22"><span class='ocrx_word' id='word_1_65' title='bbox 355 1386 680 1442; x_wconf 82' lang='lat' dir='ltr'><strong>Thebanaeque</strong></span> <span class='ocrx_word' id='word_1_66' title='bbox 693 1390 817 1443; x_wconf 89' lang='lat' dir='ltr'><strong>jubet</strong></span> <span class='ocrx_word' id='word_1_67' title='bbox 833 1403 905 1431; x_wconf 88' lang='lat' dir='ltr'><strong>me</strong></span> <span class='ocrx_word' id='word_1_68' title='bbox 924 1391 1114 1432; x_wconf 59' lang='lat' dir='ltr'><strong>Semel&amp;</strong></span> <span class='ocrx_word' id='word_1_69' title='bbox 1130 1405 1248 1448; x_wconf 88' lang='lat' dir='ltr'><strong>puer,</strong></span> 
     </span>
     <span class='ocr_line' id='line_1_14' title="bbox 299 1451 730 1494; baseline 0.007 -3"><span class='ocrx_word' id='word_1_70' title='bbox 299 1451 359 1492; x_wconf 84' lang='lat' dir='ltr'><strong>Et</strong></span> <span class='ocrx_word' id='word_1_71' title='bbox 376 1452 539 1492; x_wconf 81' lang='lat' dir='ltr'><strong>lasciva</strong></span> <span class='ocrx_word' id='word_1_72' title='bbox 558 1453 730 1494; x_wconf 89' lang='lat' dir='ltr'><strong>licentia</strong></span> 
     </span>
     <span class='ocr_line' id='line_1_15' title="bbox 354 1517 1165 1563; baseline 0.009 -7"><span class='ocrx_word' id='word_1_73' title='bbox 354 1517 510 1558; x_wconf 86' lang='lat' dir='ltr'><strong>Finitis</strong></span> <span class='ocrx_word' id='word_1_74' title='bbox 529 1521 726 1559; x_wconf 87' lang='lat' dir='ltr'><strong>animum</strong></span> <span class='ocrx_word' id='word_1_75' title='bbox 743 1519 918 1561; x_wconf 78' lang='lat' dir='ltr'><strong>reddere</strong></span> <span class='ocrx_word' id='word_1_76' title='bbox 936 1523 1165 1563; x_wconf 85' lang='lat' dir='ltr'><strong>amoribus.</strong></span> 
     </span>
     <span class='ocr_line' id='line_1_16' title="bbox 301 1582 1448 1636; baseline 0.005 -14"><span class='ocrx_word' id='word_1_77' title='bbox 301 1582 397 1622; x_wconf 87' lang='lat' dir='ltr'><strong>Urit</strong></span> <span class='ocrx_word' id='word_1_78' title='bbox 414 1595 485 1622; x_wconf 89' lang='lat' dir='ltr'><strong>me</strong></span> <span class='ocrx_word' id='word_1_79' title='bbox 504 1583 714 1636; x_wconf 82' lang='lat' dir='ltr'><strong>Glycerae</strong></span> <span class='ocrx_word' id='word_1_80' title='bbox 732 1585 845 1625; x_wconf 90' lang='lat' dir='ltr'><strong>nitor</strong></span> <span class='ocrx_word' id='word_1_81' title='bbox 1420 1596 1448 1635; x_wconf 86' lang='lat'>5</span> 
     </span>
     <span class='ocr_line' id='line_1_17' title="bbox 353 1646 1193 1709; baseline 0.008 -23"><span class='ocrx_word' id='word_1_82' title='bbox 353 1646 625 1700; x_wconf 87' lang='lat' dir='ltr'><strong>Splendentis</strong></span> <span class='ocrx_word' id='word_1_83' title='bbox 644 1649 771 1689; x_wconf 91' lang='lat' dir='ltr'><strong>Pario</strong></span> <span class='ocrx_word' id='word_1_84' title='bbox 789 1662 999 1709; x_wconf 75' lang='lat' dir='ltr'><strong>marmore</strong></span> <span class='ocrx_word' id='word_1_85' title='bbox 1017 1652 1193 1704; x_wconf 84' lang='lat' dir='ltr'><strong>purius:</strong></span> 
     </span>
     <span class='ocr_line' id='line_1_18' title="bbox 299 1711 813 1766; baseline 0.01 -15"><span class='ocrx_word' id='word_1_86' title='bbox 299 1711 403 1760; x_wconf 60' lang='lat' dir='ltr'><strong>Ur&#39;u</strong></span> <span class='ocrx_word' id='word_1_87' title='bbox 411 1719 534 1765; x_wconf 85' lang='lat' dir='ltr'><strong>grata</strong></span> <span class='ocrx_word' id='word_1_88' title='bbox 552 1715 813 1766; x_wconf 79' lang='lat' dir='ltr'><strong>protervitas,</strong></span> 
     </span>
     <span class='ocr_line' id='line_1_19' title="bbox 351 1776 1184 1835; baseline 0.01 -19"><span class='ocrx_word' id='word_1_89' title='bbox 351 1776 412 1816; x_wconf 86' lang='lat' dir='ltr'><strong>Et</strong></span> <span class='ocrx_word' id='word_1_90' title='bbox 429 1777 578 1817; x_wconf 76' lang='lat' dir='ltr'><strong>vultus</strong></span> <span class='ocrx_word' id='word_1_91' title='bbox 596 1778 782 1819; x_wconf 91' lang='lat' dir='ltr'><strong>nimium</strong></span> <span class='ocrx_word' id='word_1_92' title='bbox 799 1779 990 1822; x_wconf 83' lang='lat' dir='ltr'><strong>lubricus</strong></span> <span class='ocrx_word' id='word_1_93' title='bbox 1008 1781 1184 1835; x_wconf 84' lang='lat' dir='ltr'><strong>adspici,</strong></span> 
     </span>
     <span class='ocr_line' id='line_1_20' title="bbox 296 1839 862 1885; baseline 0.009 -5"><span class='ocrx_word' id='word_1_94' title='bbox 296 1839 351 1880; x_wconf 88' lang='lat' dir='ltr'><strong>In</strong></span> <span class='ocrx_word' id='word_1_95' title='bbox 368 1854 439 1882; x_wconf 86' lang='lat' dir='ltr'><strong>me</strong></span> <span class='ocrx_word' id='word_1_96' title='bbox 457 1848 546 1882; x_wconf 82' lang='lat' dir='ltr'><strong>tota</strong></span> <span class='ocrx_word' id='word_1_97' title='bbox 563 1856 692 1883; x_wconf 91' lang='lat' dir='ltr'><strong>ruens</strong></span> <span class='ocrx_word' id='word_1_98' title='bbox 712 1844 862 1885; x_wconf 85' lang='lat' dir='ltr'><strong>Venus</strong></span> 
     </span>
     <span class='ocr_line' id='line_1_21' title="bbox 346 1905 1450 1965; baseline 0.011 -20"><span class='ocrx_word' id='word_1_99' title='bbox 346 1905 542 1959; x_wconf 84' lang='lat' dir='ltr'><strong>Cyprum</strong></span> <span class='ocrx_word' id='word_1_100' title='bbox 560 1907 756 1959; x_wconf 69' lang='lat' dir='ltr'><strong>doeeruit,</strong></span> <span class='ocrx_word' id='word_1_101' title='bbox 776 1922 857 1949; x_wconf 87' lang='lat' dir='ltr'><strong>uec</strong></span> <span class='ocrx_word' id='word_1_102' title='bbox 875 1910 1037 1962; x_wconf 87' lang='lat' dir='ltr'><strong>patitur</strong></span> <span class='ocrx_word' id='word_1_103' title='bbox 1054 1911 1253 1965; x_wconf 77' lang='lat' dir='ltr'><strong>Scythas,</strong></span> <span class='ocrx_word' id='word_1_104' title='bbox 1395 1916 1450 1957; x_wconf 87' lang='lat'><strong>10</strong></span> 
     </span>
     <span class='ocr_line' id='line_1_22' title="bbox 297 1969 916 2026; baseline 0.008 -17"><span class='ocrx_word' id='word_1_105' title='bbox 297 1969 359 2010; x_wconf 84' lang='lat' dir='ltr'><strong>Et</strong></span> <span class='ocrx_word' id='word_1_106' title='bbox 375 1972 509 2011; x_wconf 84' lang='lat' dir='ltr'><strong>versis</strong></span> <span class='ocrx_word' id='word_1_107' title='bbox 527 1973 774 2013; x_wconf 84' lang='lat' dir='ltr'><strong>animosum</strong></span> <span class='ocrx_word' id='word_1_108' title='bbox 792 1975 916 2026; x_wconf 86' lang='lat' dir='ltr'><strong>equis</strong></span> 
     </span>
     <span class='ocr_line' id='line_1_23' title="bbox 353 2035 1305 2091; baseline 0.011 -17"><span class='ocrx_word' id='word_1_109' title='bbox 353 2035 562 2076; x_wconf 84' lang='lat' dir='ltr'><strong>Parthum</strong></span> <span class='ocrx_word' id='word_1_110' title='bbox 580 2037 732 2089; x_wconf 74' lang='lat' dir='ltr'><strong>dicere,</strong></span> <span class='ocrx_word' id='word_1_111' title='bbox 752 2051 831 2078; x_wconf 86' lang='lat' dir='ltr'><strong>nee</strong></span> <span class='ocrx_word' id='word_1_112' title='bbox 850 2052 964 2091; x_wconf 86' lang='lat' dir='ltr'><strong>quae</strong></span> <span class='ocrx_word' id='word_1_113' title='bbox 982 2039 1093 2081; x_wconf 87' lang='lat' dir='ltr'><strong>nihil</strong></span> <span class='ocrx_word' id='word_1_114' title='bbox 1111 2042 1305 2084; x_wconf 76' lang='lat' dir='ltr'><strong>attinent.</strong></span> 
     </span>
     <span class='ocr_line' id='line_1_24' title="bbox 299 2097 1032 2156; baseline 0.01 -18"><span class='ocrx_word' id='word_1_115' title='bbox 299 2097 383 2138; x_wconf 84' lang='lat' dir='ltr'><strong>Hic</strong></span> <span class='ocrx_word' id='word_1_116' title='bbox 401 2100 553 2140; x_wconf 81' lang='lat' dir='ltr'><strong>vivum</strong></span> <span class='ocrx_word' id='word_1_117' title='bbox 571 2102 678 2142; x_wconf 90' lang='lat' dir='ltr'><strong>mihi</strong></span> <span class='ocrx_word' id='word_1_118' title='bbox 697 2104 940 2156; x_wconf 65' lang='lat' dir='ltr'><strong>caaepitem,</strong></span> <span class='ocrx_word' id='word_1_119' title='bbox 960 2104 1032 2144; x_wconf 88' lang='lat' dir='ltr'><strong>hic</strong></span> 
     </span>
     <span class='ocr_line' id='line_1_25' title="bbox 353 2163 1149 2223; baseline 0.011 -20"><span class='ocrx_word' id='word_1_120' title='bbox 353 2163 579 2215; x_wconf 82' lang='lat' dir='ltr'><strong>verbenas,</strong></span> <span class='ocrx_word' id='word_1_121' title='bbox 599 2167 729 2218; x_wconf 83' lang='lat' dir='ltr'><strong>pueri,</strong></span> <span class='ocrx_word' id='word_1_122' title='bbox 750 2168 904 2220; x_wconf 86' lang='lat' dir='ltr'><strong>ponite,</strong></span> <span class='ocrx_word' id='word_1_123' title='bbox 924 2169 1149 2223; x_wconf 82' lang='lat' dir='ltr'><strong>thuraque,</strong></span> 
     </span>
     <span class='ocr_line' id='line_1_26' title="bbox 301 2225 1447 2283; baseline 0.013 -17"><span class='ocrx_word' id='word_1_124' title='bbox 301 2225 414 2267; x_wconf 84' lang='lat' dir='ltr'><strong>Bimi</strong></span> <span class='ocrx_word' id='word_1_125' title='bbox 430 2240 534 2269; x_wconf 85' lang='lat' dir='ltr'><strong>eum</strong></span> <span class='ocrx_word' id='word_1_126' title='bbox 551 2236 699 2282; x_wconf 84' lang='lat' dir='ltr'><strong>patera</strong></span> <span class='ocrx_word' id='word_1_127' title='bbox 716 2233 846 2272; x_wconf 89' lang='lat' dir='ltr'><strong>meri:</strong></span> <span class='ocrx_word' id='word_1_128' title='bbox 1393 2240 1447 2283; x_wconf 89' lang='grc'><strong>15</strong></span> 
     </span>
     <span class='ocr_line' id='line_1_27' title="bbox 354 2290 1028 2338; baseline 0.01 -6"><span class='ocrx_word' id='word_1_129' title='bbox 354 2290 546 2334; x_wconf 64' lang='lat' dir='ltr'><strong>mcum</strong></span> <span class='ocrx_word' id='word_1_130' title='bbox 562 2295 707 2335; x_wconf 81' lang='lat' dir='ltr'><strong>veniet</strong></span> <span class='ocrx_word' id='word_1_131' title='bbox 723 2295 858 2337; x_wconf 89' lang='lat' dir='ltr'><strong>lenior</strong></span> <span class='ocrx_word' id='word_1_132' title='bbox 874 2297 1028 2338; x_wconf 80' lang='lat' dir='ltr'><strong>hostia.</strong></span> 
     </span>
    </p>
   </div>
   <div class='ocr_carea' id='block_1_8' title="bbox 543 2402 946 2457">
    <p class='ocr_par' dir='ltr' id='par_1_10' title="bbox 543 2402 946 2457">
     <span class='ocr_line' id='line_1_28' title="bbox 543 2402 946 2457; baseline 0.015 -5"><span class='ocrx_word' id='word_1_133' title='bbox 543 2402 561 2416; x_wconf 74' lang='lat'><em>⁶</em></span> <span class='ocrx_word' id='word_1_134' title='bbox 604 2421 946 2457; x_wconf 55' lang='lat' dir='ltr'><strong>caum-me.</strong></span> 
     </span>
    </p>
   </div>
  </div>
 </body>
</html>
