1612 2716
158 168 256 218 244
654 177 993 210 EPISTOLARUM

157 285 322 338 Magna
341 283 532 324 coronari
552 289 799 323 contemnat
820 282 1035 335 Olympia,
1057 281 1129 322 cui
1149 293 1258 335 spes,
1455 280 1512 322 50

157 350 241 392 Cui
262 350 316 390 sit
335 349 521 389 conditio
542 348 682 388 dulcis
704 349 794 387 sine
815 348 989 400 pulvere
1010 347 1211 400 palmae?

162 416 296 456 Vilius
317 422 544 467 argentum
564 420 629 454 est
649 426 763 464 auro,
786 414 1015 454 virtutibus
1036 425 1214 453 aurum:

158 481 196 522 O
219 481 346 528 cives,
368 480 496 527 cives,
519 479 766 532 quaerenda
788 480 970 531 pecunia
992 480 1179 532 primum
1199 485 1287 530 est3

158 546 302 587 Virtus
322 552 417 598 post
436 545 663 585 nummos!
724 545 843 584 Haec
864 545 1002 585 Janus
1023 556 1222 584 summus
1241 544 1297 584 ab
1316 542 1404 583 imo

158 611 374 661 Prodocet,
397 611 503 650 haec
526 611 722 650 recinunt
736 611 918 663 juvenes
939 610 1100 649 dictata
1121 622 1342 662 senesque,
1458 607 1514 647 55

158 677 305 717 Laevo
326 676 523 728 suspensi
544 676 705 715 loculos
726 676 982 728 tabulasque
1003 675 1171 715 lacerto.

159 742 240 782 Est
259 741 432 782 animus
454 741 540 792 tibi,
562 749 663 781 sunt
683 754 821 780 mores
841 748 884 780 et
904 741 1054 794 lingua
1074 740 1279 793 fidesque,

158 806 246 848 Sed
265 806 590 859 quadringentis
611 819 688 846 sex
710 813 872 859 septem
891 806 1028 846 millia
1047 805 1228 849 desunt:

159 872 287 918 Plebs
307 873 399 912 eris.
434 870 436 872 ’
460 872 518 911 At
538 872 658 924 pueri
679 871 887 923 ludentes,
909 885 984 912 rex
1005 872 1097 923 eris,
1119 871 1254 924 aiunt,

159 938 206 979 Si
227 944 337 984 recte
358 937 502 978 facies.
563 937 645 977 Hic
667 950 818 977 murus
839 950 1000 977 aeneus
1021 944 1111 978 esto
1128 951 1137 978 :
1461 936 1519 978 60

160 1003 234 1044 Nil
254 1003 442 1044 conscire
463 1003 555 1054 sibi,
577 1003 699 1043 nulla
720 1003 950 1055 pallescere
969 1003 1110 1055 culpa.

159 1068 328 1119 Roscia,
350 1068 419 1109 dic
440 1067 576 1119 sodes,
598 1068 745 1107 melior
766 1068 848 1118 lex,
871 1080 928 1108 an
949 1080 1178 1120 puerorum
1197 1073 1264 1108 est

160 1133 313 1184 Nema,
335 1147 447 1186 quae
469 1146 648 1186 regnum
669 1139 780 1173 recte
801 1132 1057 1173 facientibus
1077 1132 1208 1185 offert,

162 1198 221 1239 Et
240 1199 431 1238 maribus
454 1199 596 1239 Curiis
617 1205 659 1238 et
679 1198 908 1246 decantata
929 1198 1156 1239 Camillis?

161 1264 260 1304 Isne
282 1265 355 1304 tibi
378 1265 532 1305 melius
554 1264 717 1315 suadet,
739 1265 814 1316 qui
834 1277 923 1304 rem
944 1264 1090 1315 facias,
1112 1277 1213 1315 rem,
1461 1263 1516 1305 65

161 1330 208 1370 Si
229 1330 377 1382 possis,
399 1337 535 1382 recte3
567 1330 602 1370 si
623 1343 721 1380 non,
744 1343 1002 1382 quocunque
1023 1329 1151 1370 modo
1170 1342 1272 1380 rem,

161 1395 220 1435 Ut
240 1396 411 1448 propius
433 1402 596 1448 spectes
618 1395 842 1436 lacrimosa
862 1402 1060 1447 poemata
1082 1395 1217 1448 Pupi,-

161 1461 231 1500 An
252 1462 337 1513 qui,
359 1461 554 1503 fortunae
574 1467 615 1501 te
635 1474 882 1514 responsare
902 1461 1108 1514 superbae

161 1525 366 1566 Liberum
386 1534 428 1566 et
447 1534 648 1578 erectum,
669 1518 871 1580 praesens
892 1527 1084 1567 hortatur
1103 1533 1145 1566 et
1165 1531 1286 1579 aptat
1299 1525 1319 1566 '3

161 1589 296 1634 Quod
317 1591 354 1630 si
375 1604 444 1631 me
465 1592 649 1644 populus
670 1593 895 1632 Romanus
915 1591 1020 1632 forte
1040 1598 1167 1644 roget,
1189 1604 1267 1631 cur
1460 1589 1518 1632 70

161 1655 271 1706 Non,
293 1662 342 1695 ut
361 1657 602 1708 porticibuS,
625 1657 685 1696 sic
699 1656 872 1709 judiciis
893 1656 1010 1696 fruar
1029 1656 1178 1707 isdem,

160 1719 252 1759 Nec
273 1732 427 1771 sequar
446 1726 523 1760 aut
542 1720 720 1772 fugiam,
742 1733 853 1771 quae
874 1720 1012 1773 diligit
1031 1721 1122 1773 ipse
1140 1720 1211 1760 vel
1230 1719 1345 1761 odit:

161 1784 278 1825 Olim
297 1784 412 1836 quod
432 1784 585 1836 vulpes
606 1791 776 1837 aegroto
796 1792 926 1825 cauta
946 1785 1057 1826 leoni

162 1849 411 1902 Respondit,
433 1849 636 1890 referam:
668 1850 790 1894 Quia
810 1863 879 1890 me
900 1851 1082 1904 vestigia
1102 1857 1270 1903 terrent,

163 1915 324 1956 Omnia
344 1921 383 1954 te
405 1914 636 1955 adversum
657 1916 904 1968 spectantia,
925 1916 1048 1956 nulla
1067 1923 1308 1973 retrorsum.
1458 1916 1515 1958 75

163 1979 316 2021 Bellua
347 1980 581 2020 multorum
610 1994 656 2021 es
685 1982 888 2034 capitum.
960 1981 1075 2022 Nam
1108 1981 1214 2034 quid
1245 1993 1413 2035 sequar,
1440 1987 1517 2022 aut

330 2057 462 2096 quem
476 2044 495 2084 ‘3

164 2109 270 2150 Pars
289 2109 516 2149 hominum
537 2111 663 2163 gestit
681 2110 916 2150 conducere
937 2110 1132 2162 publica;
1165 2116 1266 2151 sunt
1284 2111 1361 2164 qui

165 2174 331 2214 Crustis
351 2180 392 2213 et
412 2174 549 2226 pomis
570 2174 725 2214 viduas
745 2182 956 2215 venentur
975 2188 1139 2226 avaras,

164 2238 483 2291 Excipiamque
504 2251 638 2289 senes,
659 2252 767 2290 quos
788 2240 833 2280 in
853 2240 1018 2280 vivaria
1038 2240 1233 2292 mittant3

166 2303 317 2344 Multis
332 2303 505 2353 *occulto
524 2304 672 2343 crescit
693 2317 758 2343 res
779 2304 958 2345 foenore.
1019 2305 1179 2346 Verum
1456 2302 1514 2344 80

655 2451 694 2486 Ε.
709 2453 731 2484 i.
748 2452 801 2485 58.
825 2452 1019 2485 Si—desint.
