1612 2716
117 186 214 234 190
643 195 927 228 sA'rmAmm

171 301 316 355 Signis
334 299 532 355 perfacile
551 306 627 340 est.
687 300 812 341 Venit
833 300 1043 340 vilissuna
1060 311 1203 342 rerum

169 367 254 407 Hic
274 378 412 419 aqua3
445 365 520 405 sed
540 366 665 418 panis
686 365 810 418 longe
831 366 1154 418 pulcherrimus,
1175 365 1290 406 ultra
1382 364 1464 406 ‘85

171 431 366 472 Callidus
386 437 435 471 ut
454 430 587 471 soleat
606 431 796 472 humeris
816 437 979 484 portare
998 432 1157 472 viator:

171 496 285 538 Nam
307 498 472 538 Canusi
493 497 734 549 lapidosus;
767 510 906 549 aquae
927 509 1014 537 non
1034 492 1159 537 ditior
1178 508 1288 538 urna

171 563 261 607 Qui
285 562 404 602 locus
425 576 451 601 a
472 562 566 602 forti
588 562 796 602 Diomede
817 570 880 602 est
899 562 1098 602 conditus
1116 563 1233 603 olim.

172 627 396 667 Flentibus
417 628 518 667 hinc
540 628 694 668 Varius
715 627 894 667 discedit
914 635 1104 668 moestus
1123 628 1285 668 amicis.

171 692 279 733 Inde
299 693 447 732 Rubos
468 693 569 732 fessi
589 693 875 746 pervenimus,
898 699 1042 745 utpote
1063 693 1243 747 longum
1409 693 1467 735 90

171 758 404 810 Carpentes
425 759 502 798 iter
520 765 562 798 et
582 757 745 798 factum
764 759 1003 811 corruptius
1022 759 1158 799 imbri.

171 823 346 864 Postera
366 830 595 877 tempestas
614 823 772 875 melior,
793 824 866 863 via
885 824 1007 877 pejor,
1028 824 1085 864 ad
1105 837 1244 877 usque
1610 858 1612 862 .

170 889 270 929 Bari
290 889 459 928 moenia
478 889 656 941 piscosi:
687 888 843 928 dehinc
864 889 1035 940 Gnatia,
1057 889 1249 942 lymphis
1603 880 1612 939 2⁴

171 953 296 993 Iratis
315 960 544 1005 exstructa,
566 953 684 994 dedit
703 954 897 1006 risusque
911 955 1125 1007 jocosque,
1605 942 1612 952 ¹

171 1019 302 1070 Dum,
324 1018 502 1059 flamma
522 1019 614 1059 sine
634 1019 760 1058 thura
781 1018 1013 1070 liquescere
1033 1019 1179 1059 limine
1198 1030 1330 1071 sacro,
1412 1019 1469 1060 95

172 1083 434 1124 Persuadere
453 1084 583 1136 cupit.
642 1083 799 1123 Credat
818 1083 843 1123 J
846 1083 1008 1123 udaeus
1026 1083 1192 1136 Apella,

173 1147 275 1188 Non
294 1161 397 1202 ego3
427 1161 616 1201 namque
637 1148 738 1188 deos
757 1147 887 1188 didici
907 1161 1108 1189 securum
1127 1161 1252 1202 agere
1270 1161 1448 1190 aevum:

172 1213 275 1264 Nec,
298 1214 335 1253 si
355 1213 462 1266 quid
481 1213 578 1254 miri
597 1212 727 1253 faciat
746 1220 913 1264 natura,
935 1213 1038 1254 deos
1057 1213 1102 1253 id

172 1279 339 1319 Tristes
359 1292 415 1319 ex
435 1279 523 1319 alto
541 1279 648 1319 coeli
667 1278 886 1319 demittere
907 1285 1026 1318 tecto.
1051 1288 1054 1291 ⁴

173 1345 471 1393 Brundusium
491 1344 647 1398 longae
667 1343 766 1385 finis
781 1344 1042 1397 chartaeque
1054 1344 1237 1397 viaeque
1250 1350 1327 1386 est.
1385 1345 1470 1386 100

629 1730 843 1769 SATIRA
889 1729 964 1769 VI.

226 1884 340 1935 Non,
363 1885 476 1938 quia,
500 1886 739 1938 Maecenas,
762 1887 984 1940 Lydorum
1005 1886 1215 1941 quidquid
1233 1887 1440 1929 Etruscos

171 1950 358 1991 Incoluit
378 1951 497 2002 fines,
521 1964 645 1991 nemo
666 1953 906 2004 generosior
925 1960 988 1992 est
1008 1959 1060 2004 te,

171 2015 272 2065 Nec,
295 2015 410 2067 quod
431 2029 540 2055 avus
562 2017 637 2056 tibi
656 2024 875 2056 maternus
894 2017 975 2056 fuit
994 2023 1122 2068 atque
1141 2022 1354 2069 patemuS‚

174 2080 290 2121 Olim
312 2081 386 2132 qui
408 2081 575 2134 magnis
597 2082 835 2134 legionibus
855 2081 1151 2133 imperitarent,

170 2139 231 2186 Ut
250 2145 438 2197 plerique
460 2146 606 2196 solent,
629 2158 735 2185 naso
756 2145 982 2198 suspendis
1003 2145 1172 2187 adunco
1435 2147 1464 2189 5

170 2210 354 2263 Ignotos,
376 2216 424 2249 ut
444 2222 512 2249 me
534 2209 724 2249 libertino
744 2216 861 2262 patre
881 2217 1044 2250 natum.

172 2274 454 2315 Cum.referre
473 2287 616 2327 negas,
639 2274 756 2326 quali
777 2275 830 2314 sit
850 2276 1032 2328 quisque
1051 2283 1226 2329 parente

172 2340 324 2391 Natus,
346 2339 452 2380 dum
471 2339 694 2392 ingenuus,
717 2339 1048 2392 persuades‘hoc
1069 2341 1143 2381 tibi
1163 2354 1271 2393 vere,

246 2469 281 2502 S.
296 2471 340 2502 vi.
356 2471 389 2503 4.
412 2471 598 2511 regionibus
610 2471 851 2510 imper-immun
873 2471 1092 2510 imperitarint.
1179 2471 1211 2502 5.
1233 2476 1336 2503 acuto.
