1612 2716
500 193 766 227 rumen.
829 193 967 226 avi.
1327 179 1428 225 288

90 298 262 350 Pocula,
281 309 359 339 seu
376 296 556 339 modicis
574 296 741 338 uvescit
758 295 922 337 laetius.
980 294 1099 348 Ergo
1372 293 1431 335 ⁷0

89 365 237 407 sermo
255 363 396 414 oritur,
414 374 503 403 non
522 361 576 402 de
595 362 710 402 villis
729 361 981 402 domibusve
1001 359 1163 410 alienis,

90 421 192 479 Nec,
212 428 324 468 male
344 440 477 468 necne
496 427 636 479 Lepos
655 426 803 478 saltet;
834 425 910 466 sed
928 425 1044 479 quod
1062 425 1203 478 magis
1221 423 1278 464 ad
1298 435 1377 464 nos

91 493 276 534 Pertinet
293 499 337 532 et
355 492 519 533 nescire
538 491 704 532 malum
723 497 799 541 est,
819 491 1062 544 agitamus:
1090 497 1292 530 utrumne

93 558 263 598 Divitiis
282 557 476 597 homines
495 569 553 597 an
572 557 658 596 sint
676 556 831 597 virtute
851 556 987 607 beati3
1380 580 1385 583 <

90 621 268 667 Quidve
287 622 342 662 ad
362 622 585 672 amicitias,
608 634 714 662 usus
734 628 964 672 rectumne,
985 620 1128 660 trahat
1147 632 1251 671 nos;
1379 618 1436 660 75

92 687 151 728 Et
169 700 282 740 quae
301 687 355 727 sit
373 694 528 728 natura
547 687 647 728 boni
666 698 972 738 summumque
991 685 1098 738 quid
1117 686 1221 740 ejus.

92 753 271 792 Cervius
291 753 398 793 haec
418 753 527 792 inter
545 753 715 792 vicinus
735 752 864 805 garrit
883 751 1020 791 aniles

93 817 165 858 Ex
186 830 229 857 re
248 817 439 858 fabellas.
495 818 543 858 Si
562 817 660 869 quis
679 830 783 857 nam
803 816 954 857 laudat
972 815 1107 856 Arelli

93 881 306 922 Sollicitas
325 882 500 935 ignarus
519 895 645 935 opes;
676 882 737 922 sic
758 882 929 934 incipit:
960 881 1078 922 Olim

93 946 298 987 Rusticus
317 948 532 988 urbanum
551 960 718 988 murem
736 960 835 987 mus
855 959 1040 1000 paupere
1059 945 1191 986 fertur
1383 944 1442 986 80

95 1012 320 1064 Accepisse
339 1025 460 1063 cavo,
479 1019 667 1052 veterem
686 1019 811 1052 vetus
830 1013 984 1065 hospes
1004 1012 1206 1061 amicum,

96 1078 231 1130 Asper
249 1082 292 1115 et
309 1082 499 1116 attentus
518 1077 732 1128 quaesitis,
754 1083 802 1116 ut
822 1084 967 1116 tamen
987 1082 1130 1115 artum

96 1141 287 1183 Solveret
307 1140 499 1192 hospitiis
518 1141 724 1180 animum.
782 1141 904 1185 Quid
925 1139 1096 1180 multa'3
1126 1151 1267 1191 neque
1286 1138 1358 1179 ille

97 1205 279 1259 Sepositi
297 1205 444 1244 ciceris
463 1217 543 1244 nec
563 1204 716 1256 longae
736 1204 889 1243 invidit
908 1216 1096 1243 avenae:

98 1270 278 1311 Aridum
300 1278 341 1310 et
359 1283 429 1309 ore
450 1269 588 1309 ferens
608 1269 785 1308 acinum
804 1281 1054 1320 semesaque
1075 1267 1184 1307 lardi
1387 1267 1444 1308 85

99 1337 257 1376 Frusta
275 1334 403 1384 dedit,
424 1334 601 1386 cupiens
621 1333 740 1372 varia
760 1332 930 1372 fastidia
949 1345 1083 1372 coena

100 1400 276 1440 Vincere
297 1399 509 1451 tangentis
529 1398 641 1437 male
661 1397 832 1450 singula
852 1397 978 1437 dente
999 1397 1203 1449 superbo;

101 1466 215 1506 Cum
234 1471 351 1517 pater
370 1464 459 1516 ipse
476 1463 632 1502 domus
656 1462 781 1515 palea
799 1469 1012 1515 porrectus
1033 1463 1077 1502 in
1097 1462 1228 1501 homa

101 1530 230 1570 Esset
249 1528 350 1568 ador
370 1528 614 1579 loliumque,
635 1527 757 1580 dapis
776 1527 951 1567 meliora
969 1527 1223 1579 relinquens.

103 1593 304 1635 Tandem
317 1593 507 1632 urbanus
520 1592 576 1632 ad
588 1593 725 1632 hunc:
746 1592 869 1637 Quid
881 1599 921 1632 te
926 1593 1063 1646 juvat,
1074 1591 1223 1644 inquit,
1236 1591 1373 1631 amice
1392 1590 1449 1631 90

104 1658 324 1710 Praerupti
344 1657 525 1697 nemoris
544 1658 777 1709 patientem
794 1658 940 1697 vivere
960 1657 1083 1697 dorso
1094 1657 1114 1697 ’.ἱ

104 1723 180 1764 Vis
199 1729 247 1762 tu
266 1723 460 1762 homines
480 1722 713 1775 urbemque
733 1722 832 1762 feris
851 1735 1107 1775 praeponere
1128 1721 1248 1762 silvis
1260 1721 1281 1761 ’.ἲ

105 1788 242 1841 Carpe
262 1788 389 1838 viam,
410 1788 517 1827 mihi
536 1787 670 1838 crede,
691 1801 859 1840 comes;
890 1788 1099 1828 terrestria
1118 1786 1294 1840 quando

105 1852 308 1893 Mortales
328 1853 494 1892 animas
514 1853 668 1893 vivunt
689 1854 846 1904 sortita,
866 1866 1007 1906 neque
1027 1853 1119 1894 ulla
1138 1859 1203 1892 est

107 1917 196 1957 Aut
214 1929 372 1969 magno
391 1923 468 1956 aut
487 1929 620 1968 parvo
639 1917 711 1956 leti
731 1917 846 1970 fuga.
905 1918 1021 1968 Qun,
1041 1918 1164 1968 bone,
1185 1917 1309 1968 circa,
1393 1914 1450 1955 95

108 1982 228 2022 Dum
247 1981 356 2031 licet,
379 1981 423 2021 in
442 1981 567 2021 rebus
582 1981 787 2034 jucundis
806 1982 904 2021 vive
924 1982 1099 2034 beatus3

109 2046 215 2087 Vive
235 2059 407 2097 memor,
426 2058 560 2098 quam
580 2046 638 2086 sis
658 2046 755 2086 aevi
774 2046 926 2086 brevis.
984 2047 1104 2086 Haec
1125 2046 1200 2087 ubi
1218 2045 1335 2087 dicta

110 2111 330 2163 Agrestem
349 2109 555 2163 pepulere,
576 2109 702 2151 domo
722 2110 829 2151 levis
848 2111 1015 2163 exsilit3
1046 2110 1147 2151 inde

111 2176 250 2216 Ambo
268 2176 527 2228 propositum
546 2182 756 2229 peragunt
775 2177 863 2227 iter,
885 2177 1000 2217 urbis
1020 2183 1197 2217 aventes

113 2240 286 2280 Moenia
304 2240 499 2280 nocturni
519 2240 752 2293 subrepere.
810 2241 995 2294 Jamque
1013 2242 1185 2282 tenebat
1371 2239 1452 2279 100

112 2303 211 2345 Nox
230 2304 406 2344 melium
423 2304 530 2344 coeli
549 2305 747 2358 spatium,
766 2317 869 2346 cum
886 2306 1005 2359 ponit
1024 2312 1202 2358 uterque

339 2451 392 2484 ⁷0.
414 2451 583 2486 hume-uit,
669 2452 723 2486 ⁷8.
746 2451 1016 2493 deqffi
1102 2450 1157 2484 83.
1179 2449 1236 2482 ini.
