1650 2730
494 233 640 268 mmm
671 234 740 268 rv.
805 234 846 267 0.
879 233 966 267 ΧΠ.
1300 219 1396 268 138

533 442 772 483 GARMEN
808 442 910 482 XII.

455 573 534 601 An
583 573 985 601 VIRGILIUM.

215 690 315 731 Jam
333 689 443 730 veris
463 689 649 740 comites,
670 702 783 742 quae
803 702 919 730 mare
940 695 1187 743 temperant,

215 755 448 808 Impellunt
468 755 637 794 animae
658 754 788 795 lintea
807 754 1045 796 Thraciae:

214 820 314 862 Jam
332 833 412 860 nec
432 827 556 872 prata'
571 820 718 873 rigent,
739 833 818 860 nec
839 819 962 861 fluvii
982 826 1176 874 strepunt

330 885 515 926 Hiberna
534 885 633 926 nive
654 885 822 939 turgidi.

216 1013 380 1055 Nidum
398 1016 526 1068 ponit,
549 1016 648 1068 Ityn
668 1015 862 1056 flebiliter
881 1028 1067 1068 gemens,
1366 1017 1394 1058 5

215 1078 371 1119 Infelix
391 1081 484 1119 avis
503 1087 545 1119 et
565 1081 791 1133 Cecropiae
811 1080 965 1121 domus

214 1143 448 1183 Aeternum
467 1145 746 1196 opprobrium,
768 1145 884 1197 quod
904 1145 1017 1186 male
1035 1145 1237 1187 barbaras

325 1209 496 1261 Regum
515 1215 579 1248 est
598 1209 917 1267 ultaqlibidines.

212 1337 377 1378 Dicunt
397 1338 441 1378 in
462 1344 604 1379 tenero
623 1338 814 1391 gramine
834 1339 1062 1392 pinguium

215 1401 424 1442 Custodes
443 1404 591 1443 ovium
610 1403 800 1443 carmina
821 1403 966 1444 fistula
1338 1406 1393 1447 10

215 1467 524 1520 Delectantque
544 1468 686 1519 deum,
707 1469 778 1508 cui
798 1481 929 1521 pecus
949 1475 991 1510 et
1009 1469 1120 1522 nigri

325 1532 466 1573 Colles
485 1533 694 1574 Arcadiae
713 1533 895 1587 placent.

212 1661 443 1702 Adduxere
463 1663 577 1703 sitim
598 1669 798 1716 tempora,
820 1663 968 1716 Virgili
985 1678 995 1716 ;

212 1726 298 1767 Sed
317 1739 509 1779 pressum
530 1727 708 1768 Calibus
729 1728 882 1769 ducere
902 1729 1106 1771 Liberum

211 1791 259 1832 Si
279 1792 417 1844 gestis,
433 1793 644 1845 juvenum
663 1794 872 1835 nobilium
890 1795 1035 1846 clienS,
1335 1796 1389 1838 15

321 1856 464 1896 Nardo
484 1858 586 1897 vina
605 1859 826 1899 merebere.
885 1853 901 1897 ἒ

213 1983 346 2024 Nardi
365 1998 521 2038 parvus
540 1999 660 2039 onyx
679 1987 816 2028 eliciet
834 1988 1004 2040 cadum,

214 2049 306 2092 Qui
324 2062 439 2090 nunc
459 2051 659 2104 Sulpiciis
679 2053 861 2093 accubat
879 2053 1049 2106 horreis,

214 2111 320 2165 Spes
339 2113 492 2155 donare
512 2129 647 2156 novas
667 2117 812 2170 largus
832 2131 1063 2172 amaraque

325 2177 535 2221 Cui-arum
553 2181 694 2222 eluere
713 2182 879 2224 efficax⁴
974 2204 982 2231 -ς
1330 2185 1388 2226 20

214 2302 286 2342 Ad
303 2316 413 2355 quae
434 2305 469 2345 si
487 2319 682 2360 properas
702 2311 872 2363 gaudia,
892 2325 995 2353 cum
1013 2319 1090 2353 tua

216 2366 351 2407 Velox
372 2380 507 2409 merce
527 2373 625 2412 veni
642 2387 651 2413 :
682 2387 767 2415 non
785 2389 866 2429 ego
886 2383 926 2417 te
946 2377 1054 2417 meis

244 2491 282 2526 C.
298 2492 351 2526 xii.
370 2492 419 2526 ll.
444 2495 628 2531 Delectant-2
644 2480 801 2539 deuinff.
935 2502 984 2536 16.
1008 2500 1189 2537 moreh-26⁶2
