1612 2716
503 206 734 240 mmnn.
797 205 942 239 8.OE-

543 396 757 436 SATIRA
801 395 884 434 III.

454 497 472 518 0

98 545 170 586 Sic
190 558 282 585 raro
302 544 459 595 scribis,
482 550 530 584 ut
550 550 634 583 toto
655 556 740 583 non
761 549 910 595 quater
929 554 1044 583 anno

42 609 339 651 Membranam
357 622 519 663 poscas,
541 609 790 661 scriptorum
810 621 1006 660 quaeque
1027 614 1232 659 retexens,

42 675 182 717 Iratus
202 675 287 726 tibi,
308 674 423 728 quod
443 674 533 715 vini
553 675 775 726 somnique
795 674 1007 726 benignus

43 739 116 781 Nil
135 740 316 794 dignum
336 752 527 780 sermone
546 752 691 779 canas.
750 738 872 784 Quid
893 738 997 779 fiet?
1054 739 1112 779 At
1131 738 1234 792 ipsis

42 805 342 846 Saturnalibus
361 806 448 846 huc
467 804 626 858 fugisti.
685 804 860 845 Sobrius
879 817 979 857 ergo

44 871 126 912 Dic
145 870 309 924 aliquid
327 870 509 924 dignum
528 870 756 923 promissis.
815 860 972 922 Incipe.
1032 869 1104 910 Nil
1125 875 1200 910 est.

44 935 285 989 Culpantur
302 935 458 976 frustra
477 935 645 987 calami,
667 936 990 988 immeritusque
1011 935 1175 976 laborat

44 1000 167 1040 Iratis
186 1007 314 1041 natus
333 1001 471 1054 paries
491 1000 558 1040 dis
577 1008 707 1053 atque
727 1001 871 1053 poetis.

44 1065 178 1118 Atqui
197 1065 344 1105 vultus
363 1072 453 1104 erat
472 1066 610 1105 multa
628 1073 670 1105 et
689 1066 905 1118 praeclara
925 1065 1143 1116 minantis,

44 1130 92 1171 Si
111 1141 301 1170 vacuum
319 1129 460 1181 tepido
479 1130 658 1182 cepisset
677 1130 828 1170 villula
848 1137 968 1170 tecto.

45 1196 269 1240 Quorsum
288 1194 489 1247 pertinuit
508 1195 661 1246 stipare
681 1194 862 1234 Platona
882 1194 1129 1245 Menaner

46 1260 246 1312 Eupolin‚
268 1259 583 1309 Archilochum,
605 1259 779 1299 comites
799 1259 977 1299 educere
997 1259 1168 1299 tantos?

46 1324 261 1366 Invidiam
280 1323 448 1376 placare
468 1336 604 1376 paras,
626 1324 780 1363 virtute
800 1323 974 1363 relicta'.²

47 1390 338 1439 Contemnere,
360 1388 512 1428 miser!
574 1388 758 1429 Vitanda
778 1395 842 1428 est
862 1389 1054 1441 improba
1073 1388 1196 1429 Siren

47 1453 235 1505 Desidia,
257 1460 343 1505 aut,
364 1453 575 1506 quidquid
594 1454 683 1493 vita
702 1453 874 1493 meliore
893 1453 1062 1506 parasti,

1286 195 1383 242 213

1335 1128 1390 1169 10

1339 1453 1391 1494 15

48 1519 303 1560 Ponendum
322 1531 460 1570 aequo
480 1518 754 1559 anima—Di
772 1525 824 1569 te,
848 1519 1120 1571 Damasippe,
1142 1518 1331 1571 deaeque
1361 1544 1366 1548 -

49 1583 209 1624 Verum
228 1584 282 1623 ob
301 1583 528 1623 consilium
548 1583 707 1624 donent
727 1590 891 1624 tonsore
908 1583 917 1623 !
977 1584 1063 1625 Sed
1084 1583 1198 1624 unde

49 1648 168 1689 Tam
187 1649 294 1689 bene
313 1661 382 1688 me
403 1648 514 1688 nosti
526 1648 837 1701 ‘3—P0stquam
856 1649 995 1689 omnis
1015 1661 1081 1689 res
1101 1661 1199 1689 mea
1218 1649 1381 1690 Janum

50 1713 121 1754 Ad
139 1713 332 1754 medium
350 1712 487 1753 fracta
506 1720 580 1765 est,
602 1714 744 1754 aliena
763 1715 934 1767 negotia
952 1727 1066 1766 curo,

51 1777 279 1818 Excussus
299 1778 484 1830 propriis.
544 1778 662 1818 Olim
680 1791 784 1818 nam
803 1792 1004 1831 quaerere
1024 1779 1239 1831 amabam,

52 1843 156 1887 Quo
175 1841 293 1882 vafer
311 1842 382 1881 ille
402 1842 529 1895 pedes
549 1843 723 1883 lavisset
742 1844 956 1896 Sisyphus
976 1857 1083 1895 aere,

53 1906 177 1952 Quid
197 1906 412 1959 sculptum
431 1907 604 1958 infabre,
625 1908 730 1960 quid
749 1908 897 1948 fusum
916 1909 1066 1948 durius
1086 1915 1220 1962 esset;

55 1971 249 2012 Callidus
268 1972 370 2011 huic
390 1971 511 2024 signo
532 1972 742 2024 ponebam
761 1973 897 2012 millia
915 1980 1114 2014 centum:

55 2036 210 2077 Hortos
230 2036 504 2089 egregiasque
524 2035 672 2076 domos
692 2037 914 2076 mercarier
933 2049 1048 2077 unus

58 2101 172 2140 Cum
190 2100 307 2140 lucro
326 2113 497 2153 noram,
488 2115 497 2123 ·
529 2101 644 2141 unde
664 2101 902 2154 frequentia
924 2101 1174 2142 Mercuriale

58 2165 300 2217 Imposuere
318 2165 425 2205 mihi
443 2178 678 2218 cognomen
698 2166 893 2219 compita.
896 2166 1076 2217 -Novi‚

59 2229 120 2271 Et
139 2230 416 2287 m1rorJnorb1
435 2237 664 2282 purgatum
683 2237 724 2271 te
743 2231 870 2271 illius.
873 2232 1062 2284 —Atqui

61 2293 237 2335 Emovit
252 2299 436 2333 veterem
455 2294 557 2334 mire
576 2307 726 2346 novuS‚
748 2302 797 2336 ut
816 2296 963 2347 solet,
952 2309 997 2336 m
1016 2309 1087 2336 cor

223 2421 283 2453 S.
274 2422 317 2452 iii.
338 2422 407 2452 1-4.
431 2420 468 2452 Si
482 2431 553 2453 raro
563 2422 724 2454 seribeo—
735 2424 855 2463 —quid
869 2423 946 2455 fiet?
1031 2425 1063 2454 4.
1087 2422 1141 2452 Ab
1155 2423 1240 2460 ipsis.

130 2497 134 2500 -
195 2473 227 2506 5.
248 2473 356 2514 fugisti
369 2473 499 2505 sobrius.
543 2473 683 2515 Ergo—.
797 2474 847 2507 12.
872 2474 1009 2514 Eupolin
1025 2473 1269 2506 Archilocho—.

163 2545 180 2564 Χ

1338 1779 1396 1820 20

1340 2102 1397 2143 25
