1650 2730
483 204 730 240 mlv.
793 202 953 238 (ΣΠ.

252 309 324 352 Το
340 308 498 363 copias,
517 314 560 348 te
577 307 808 349 eonsilium
825 314 869 348 et
887 313 986 348 tuos

253 374 488 416 Praebente
505 373 642 413 divos.
699 372 829 424 Nam,
849 373 926 413 tibi
945 384 1032 425 quo
1050 370 1120 412 die

308 439 463 479 Portus
483 436 755 478 Alexandrea
774 437 955 490 supplex

364 503 425 544 Et
443 515 629 543 vacuam
645 501 846 556 patefecit
862 502 1024 553 aulam,

254 617 449 664 Fortuna
466 622 600 663 lustro
617 634 817 675 prospera
835 622 958 662 tertio

256 688 366 730 Belli
385 688 599 728 secundos
617 687 800 728 reddidit
817 688 974 738 exitus,

309 753 592 806 Laudemque
611 760 654 794 et
672 759 867 806 optatum
886 753 1068 807 peractis

365 818 561 872 Imperiis
580 818 714 859 decus
731 818 959 873 arrogavit.

257 946 327 987 'l'e
346 947 559 988 Cantaber
577 960 665 988 non
684 955 785 989 ante
803 947 1044 1003 domabilis,

257 1010 499 1064 Medusque
516 1020 560 1053 et
578 1012 726 1064 Indus,
746 1020 788 1053 te
806 1012 1012 1066 profugus
1030 1010 1218 1065 Scythes

313 1075 504 1127 Miratur,
524 1089 551 1116 o
569 1077 704 1117 tutela
722 1090 924 1130 praesens

369 1139 520 1180 Italiae
538 1140 823 1194 dominaeque
842 1142 1019 1182 Romae.

260 1268 341 1318 Te,
362 1267 546 1308 fontium
563 1268 638 1320 qui
657 1268 767 1308 oelat
785 1269 980 1321 origines,

262 1332 474 1384 Nilusque
493 1340 535 1372 et
555 1333 672 1383 Ister,
693 1340 735 1372 te
754 1333 928 1385 rapidus
946 1332 1108 1386 Tigris,

317 1398 386 1438 're
404 1398 624 1438 belluosus
643 1399 719 1450 qui
737 1398 910 1438 remotis

372 1463 587 1516 Obstrepit
606 1463 808 1504 Oceanus
827 1463 1055 1514 Britannis,

264 1591 337 1633 Te
354 1605 441 1634 non
459 1594 656 1647 paventis
674 1593 827 1634 funera
846 1593 1013 1634 Galliae

260 1657 495 1710 Duraeque
514 1658 643 1699 tellus
660 1658 782 1699 audit
800 1658 1025 1699 Hiberiae.

317 1722 387 1764 Te
405 1723 537 1764 caede
556 1722 793 1777 gaudentes
813 1723 1044 1776 Sygambri

373 1788 632 1841 Compositis
650 1795 909 1830 venerantur
926 1789 1069 1829 armis.

543 2150 782 2190 GABMEN
827 2150 919 2190 XV.

308 2274 590 2306 CAESARIS
632 2280 878 2309 AUGUSTI
922 2280 1157 2311 launna.

284 2389 483 2430 Phoebus
500 2391 713 2433 volentem
731 2395 888 2447 proelia
906 2408 976 2436 me
995 2396 1114 2449 loqui

287 2453 431 2494 victas
449 2461 492 2495 et
509 2456 636 2496 urboe
652 2458 859 2512 increpuit
878 2460 983 2512 lyra,

1292 188 1388 242 18’1
