1612 2716
588 201 799 236 mr.
862 200 985 236 ax.
1352 188 1449 236 201

628 420 842 462 SA'HRA
876 419 927 461 X.

160 582 321 632 Lucili,
343 594 478 637 quam
495 581 561 621 sis
579 580 822 631 mendosus,
845 585 948 621 teste
972 579 1148 631 Catone,

103 646 346 701 Desertsore
364 652 449 697 tuo,
467 647 734 700 pervincam,
757 647 834 700 qui
854 647 969 687 male
985 647 1137 700 factos

103 713 356 754 Emendare
371 717 509 766 parat
527 725 679 752 versus
691 726 709 763 ,·
737 712 814 753 Ιιοο
833 713 977 752 lenius
995 712 1081 762 ille,

94 777 194 819 Est
212 791 296 833 quo
314 778 385 818 vir
403 778 567 827 melior,
589 777 719 831 longe
737 778 940 818 subtilior
959 777 1047 828 illo,

111 843 207 890 Qui
223 843 418 884 multum
431 856 546 898 puer
566 848 608 883 et
627 843 734 884 loris
754 848 795 883 et
811 843 1015 897 funibus.
1028 842 1132 883 udis
1426 841 1454 882 5

104 908 399 959 Est-hortatus,
414 914 466 949 ut
485 914 594 949 esset
613 922 738 963 opem
757 909 835 963 qui
851 909 979 962 serre
993 909 1137 963 poetis

104 973 314 1032 Antiqui&
327 979 476 1028 posset
496 979 647 1015 contra
663 974 867 1028 fastidia
885 979 1048 1025 nostra,

112 1037 516 1080 Grammaticorum
526 1040 724 1094 equitum
735 1040 1024 1081 doctissimus.
1067 1038 1125 1079 Ut
1136 1037 1312 1079 redeam
1323 1037 1450 1078 illuc:

104 1102 270 1155 Nempe
291 1102 569 1155 incomposito
588 1103 680 1143 dixi
701 1103 807 1156 pede
827 1116 994 1144 currere
1014 1115 1165 1143 versus

105 1167 260 1209 Lucili.
318 1167 435 1212 Quis
456 1174 546 1207 tam
565 1168 709 1208 Lucili
727 1167 868 1208 fautor
888 1169 1027 1220 inepte
1048 1173 1123 1218 est,

105 1233 166 1274 Ut
185 1245 273 1273 non
293 1233 375 1273 hoc
395 1232 609 1272 fateatur?
667 1233 724 1272 At
743 1231 869 1283 idem,
891 1231 1008 1284 quod
1028 1232 1118 1272 sale
1137 1231 1275 1272 multo

106 1298 268 1339 Urbem
286 1297 493 1348 defricuit,
514 1297 664 1337 charta
684 1296 884 1346 laudatur
903 1296 1065 1336 eadem.

106 1363 197 1404 Nec
209 1369 355 1404 tamen
369 1363 451 1403 hoc
463 1363 662 1413 tribuens,
672 1361 861 1402 dederim
875 1374 1046 1414 quoque
1061 1366 1219 1413 cetera3
1235 1372 1341 1402 nam
1354 1359 1416 1401 sic
1428 1360 1456 1402 5

105 1428 167 1470 Et
183 1428 340 1469 Laberi
358 1428 524 1479 mimos,
546 1433 594 1467 ut
613 1426 795 1479 pulchra
814 1433 1026 1480 poemata,
1047 1426 1185 1466 mirer.

106 1494 224 1547 Ergo
242 1505 330 1534 non
349 1493 453 1533 satis
472 1499 546 1543 est,
567 1492 657 1532 risu
676 1491 876 1532 diducere
895 1492 1052 1532 rictum

107 1559 325 1600 Auditoris
341 1564 452 1610 3—et
471 1564 536 1598 est
554 1557 771 1610 quaedam
791 1563 938 1597 tamen
957 1557 1028 1597 hic
1049 1568 1220 1609 quoque
1238 1555 1376 1598 virtus
1389 1569 1459 1597 :—

108 1625 190 1666 Est
207 1624 411 1665 brevitate
430 1635 549 1676 opus,
571 1630 620 1663 ut
638 1629 781 1663 currat
799 1623 1021 1674 sententia,
1043 1635 1131 1662 neu
1150 1634 1196 1663 se

108 1689 320 1743 Impediat
337 1689 478 1729 verbis
498 1688 635 1728 lassas
654 1689 931 1728 onerantibus
950 1700 1102 1740 aures3
1405 1687 1459 1728 10

108 1755 170 1796 Et
188 1767 381 1795 sermone
400 1766 508 1806 opus
527 1760 592 1793 est
611 1753 739 1794 modo
759 1754 877 1805 tristi,
899 1766 1025 1806 saepe
1039 1754 1196 1807 jocoso,

110 1819 376 1862 Defendente
396 1820 535 1859 vicem
554 1819 681 1859 modo
699 1819 877 1859 rhetoris
896 1826 1026 1872 atque
1046 1824 1205 1872 poetae,

112 1884 333 1927 Interdum
353 1884 515 1935 urbani,
536 1885 747 1936 parcentis
767 1885 928 1924 viribus
948 1891 1077 1936 atque

112 1949 405 1991 Extenuantis
424 1961 498 1988 eas
516 1950 722 1989 consulto.
780 1949 1031 1989 Ridiculum
1051 1949 1139 1989 acri

114 2015 284 2056 Fortius
304 2020 345 2054 et
364 2013 518 2054 melius
538 2026 722 2066 magnas
741 2013 991 2066 plerumque
1012 2019 1133 2055 secat
1150 2025 1229 2054 res.
1407 2011 1460 2053 15

114 2079 195 2131 Illi,
217 2080 372 2132 scripta
390 2079 548 2132 quibus
567 2078 788 2119 comoedia
808 2079 947 2131 prisca
965 2079 1068 2119 viris
1088 2085 1162 2130 est,

116 2144 211 2184 Hoc
230 2144 410 2194 stabant,
432 2145 513 2184 hoc
534 2150 636 2184 sunt
655 2143 875 2196 imitandi3
907 2156 1015 2196 quos
1035 2156 1174 2197 neque
1193 2142 1371 2197 pulcher

117 2209 407 2260 Hermogenes
426 2220 621 2260 unquam
640 2209 752 2262 legit,
773 2221 913 2261 neque
934 2209 1084 2249 simius
1104 2210 1193 2260 iste,

119 2272 193 2314 Nil
213 2278 374 2324 praeter
393 2271 580 2312 Calvum
599 2279 642 2312 et
661 2273 811 2313 doctus
832 2281 1003 2314 cantare
1025 2274 1322 2314 Catullum.—

122 2338 180 2378 At
198 2348 407 2388 magnum
427 2335 535 2387 fecit,
557 2337 671 2389 quod
691 2339 830 2378 verbis
850 2340 1013 2378 Graeca
1033 2339 1200 2379 Latinis
1409 2335 1466 2375 20
1546 2348 1556 2356 ·

124 2400 407 2442 Miscuit—O
429 2401 508 2440 seri
528 2401 765 2443 studiorum
782 2403 790 2442 !
822 2404 954 2456 quine
974 2403 1133 2455 putetis

126 2465 312 2531 Difficile
330 2471 373 2506 et
391 2465 559 2517 mirum,
579 2466 748 2508 Rhodio
767 2468 883 2520 quod
904 2466 1159 2508 Pitholeonti

773 2532 820 2571 9⁴·-
