1612 2716
649 206 864 240 ml.
927 206 1074 240 tw.

152 335 154 337 -
222 309 403 357 ,ιΕιιωι
417 310 475 352 ob
490 309 659 351 heredis
676 323 827 352 curam
844 311 1115 364 nimiumque
1133 323 1322 364 severus,

235 375 409 421 Aufidet
426 377 602 417 insano:
632 382 774 428 potare
792 383 834 433 et
852 389 1048 430 spargere
1067 375 1192 416 floren

237 441 459 494 Incipiam,
478 441 701 495 patiarque
719 440 790 482 vel
808 440 1077 482 inconsultus
1096 441 1256 482 haberi.

237 506 361 551 Quid
381 518 468 555 non
486 506 666 546 ebrietas
685 505 882 558 daeignat
893 506 914 546 11
970 505 1130 560 Operta
1148 505 1338 558 recludit,

237 571 347 625 spes
357 571 481 625 jubet
496 583 593 611 esse
611 578 738 622 ratas,
759 563 823 611 ad⁸
835 571 993 624 proelia
1014 571 1144 613 trudit
1164 572 1370 625 inertem;

235 636 437 678 Sollicitis
455 636 613 677 animis
631 649 742 677 onus
761 637 923 687 eximit,
944 636 1126 677 addocet
1144 644 1269 678 artae.

237 701 433 754 Fecundi
450 701 606 742 calioae
624 714 756 754 quem
774 714 862 742 non
882 701 1017 742 fecere
1036 702 1241 743 disertum
1256 702 1277 742 21

236 767 466 808 Contracta
483 779 615 820 quem
633 767 786 808 non'in
805 774 1054 820 paupertate
1073 767 1264 808 solutum
1275 767 1297 808 ’.ἲ

236 832 359 882 Haec
376 845 456 885 ego
474 845 696 885 procurare
714 840 758 872 et
776 832 956 873 idoneus
975 834 1156 886 imperor
1173 840 1217 874 et
1234 846 1324 875 non

234 897 416 953 Invitus,
435 910 490 938 ne
509 905 631 951 turpe
651 898 767 950 toral,
789 911 844 939 ne
863 898 1035 939 sordida
1053 912 1213 952 mappa

235 963 442 1017 Oorruget
460 976 596 1015 narce,
620 976 676 1004 ne
695 977 783 1004 non
801 971 844 1004 et
862 965 1097 1004 cantharus
1115 972 1159 1004 et
1177 964 1285 1006 lanx

238 1027 449 1068 Ostendat
466 1029 542 1069 tibi
561 1036 613 1079 te,
634 1041 689 1069 ne
709 1028 819 1069 fidos
838 1030 947 1070 inter
964 1030 1126 1070 amicos

236 1092 314 1143 Sit,
333 1093 408 1144 qui
427 1092 542 1132 dicta
560 1093 672 1133 foras
690 1094 891 1145 eliminet,
912 1101 961 1134 ut
978 1102 1100 1134 coeat
1117 1107 1196 1147 par

236 1157 537 1211 Jungaturque
556 1159 661 1210 pari.
718 1159 898 1199 Butram
917 1160 993 1199 tibi
1012 1160 1345 1212 Septiciumque,

237 1223 299 1264 Et
316 1223 400 1263 nisi
417 1235 552 1262 coena
569 1223 679 1275 prior
697 1224 916 1275 potiorque
935 1224 1079 1276 puella
1098 1225 1310 1264 Sabinum

237 1288 421 1338 Detinet,
442 1300 687 1338 assumam;
718 1287 838 1327 locus
856 1295 920 1327 aet
939 1296 981 1327 et
999 1288 1192 1340 pluribus
1211 1288 1385 1340 umbris,

235 1353 324 1395 Sed
342 1353 473 1393 nimis
491 1361 583 1392 arta
602 1359 801 1405 premunt
819 1352 958 1392 olidae
976 1354 1175 1393 convivia
1193 1365 1359 1406 caprae.

236 1419 325 1470 Tu,
343 1425 501 1471 quotus
520 1430 613 1457 esse
633 1418 751 1468 velis,
771 1418 962 1469 rescribe,
982 1425 1025 1458 et
1043 1419 1171 1459 rebus
1188 1418 1360 1460 omissis

235 1484 358 1525 Atria
376 1490 546 1524 servant
556 1495 619 1523 3111
636 1483 797 1536 postico
815 1482 917 1523 falle
935 1482 1147 1524 clientem.

655 1832 938 1892 nprstrom
972 1851 1048 1891 vr„

603 1981 681 2008 AD
722 1982 1093 2009 NUMICIUM.

290 2094 363 2135 Nil
381 2095 580 2137 admirari
598 2110 725 2151 prope
744 2111 811 2138 res
830 2104 895 2138 est
914 2110 1014 2148 una,
1035 2098 1223 2150 Numici,

235 2158 432 2212 Solaque,
452 2168 564 2213 quae
582 2164 715 2215 possit
734 2163 872 2204 facere
893 2170 934 2203 et
954 2176 1124 2204 servare
1142 2165 1331 2206 beatum.

235 2223 366 2264 Hunc
386 2224 519 2266 solem
535 2234 578 2266 et
596 2228 742 2277 stellas
759 2236 801 2268 et
819 2228 1068 2269 decedentia
1085 2230 1210 2269 certis

235 2289 452 2341 Tempora
469 2292 706 2343 momentis,
728 2301 829 2334 sunt
847 2295 923 2347 qui
943 2293 1166 2334 formidine
1184 2293 1307 2334 nulla

234 2353 394 2394 Imbuti
413 2361 624 2406 spectent:
653 2356 758 2408 quid
776 2350 925 2399 cens&
944 2372 1124 2399 munera
1145 2366 1290 2408 terrae,

504 2483 556 2517 ιτ.
577 2486 743 2519 nam
872 2486 912 2518 r„
926 2489 970 2519 vi.
986 2483 1023 2519 5.'
1039 2491 1195 2527 φωιω,

1427 198 1525 255 251

1472 444 1527 485 15

1469 767 1528 808 20

1470 1094 1528 1136 25

1468 1418 1527 1461 30
