1612 2716
136 182 233 236 '802
564 200 640 234 mr
671 200 803 235 mm
834 201 1053 236 Pomm.

185 305 334 359 Speret
353 304 478 358 idem,
501 305 626 346 sudet
646 306 844 358 multum,
866 306 1109 361 frustraque
1128 307 1291 350 laboret

186 372 336 414 Ausus
356 371 494 412 idem:
526 379 695 412 tantum
717 373 845 413 series
858 374 1148 427 junctumque
1166 374 1308 428 pollet,

184 438 384 478 Tantum
404 437 457 478 de
478 437 619 478 medio
640 439 823 492 sumptis
844 439 1008 480 accedit
1028 440 1214 480 honoris.

184 503 316 544 Silvis
336 503 508 543 deducti
529 511 713 544 caveant
732 517 802 545 me
817 505 964 559 Judiee
986 506 1141 557 Fauni,

184 569 261 620 Ne,
282 569 402 609 velut
422 569 559 609 innati
581 570 715 610 triviis
736 583 787 610 ac
807 583 943 623 paene
964 570 1163 622 forenses,
1400 571 1486 613 245

182 635 272 675 Aut
292 635 476 676 nimium
496 635 650 675 teneris
665 636 927 689 juvenentur
949 637 1141 676 versibus
1163 648 1371 688 unquam,

181 700 271 740 Aut
291 700 518 740 immunda
539 708 710 753 crepent
730 701 1102 754 ignominiosaque
1124 701 1251 741 dicta.

181 766 474 807 Offenduntur
494 766 622 817 enim,
645 767 802 819 quibus
823 773 888 807 est
907 780 1047 819 equus
1067 774 1110 807 et
1129 774 1248 820 pater
1266 774 1310 807 et
1328 780 1407 819 ree,

181 832 283 883 Nec,
306 833 342 872 si
362 832 467 885 quid
490 831 599 872 fricti
618 832 765 872 ciceris
786 833 935 885 probat
955 839 997 872 et
1016 833 1141 873 nucis
1161 839 1337 887 emptor,

179 898 342 951 Aequis
363 899 580 951 accipiunt
600 898 768 949 animis,
791 897 1008 938 donantve
1028 911 1195 939 corona.
1397 899 1483 940 250

179 964 360 1017 Syllaba
380 965 508 1017 longa
528 964 647 1004 brevi
668 964 858 1017 subjecta
878 971 1055 1004 vocatur
1074 965 1256 1017 iambus,

179 1029 261 1069 Pes
281 1030 416 1081 citus3
450 1029 565 1070 unde
589 1029 719 1069 etiam
742 1029 939 1069 trimetris
959 1042 1197 1070 accrescere
1210 1029 1340 1085 Jussit

181 1094 351 1135 Nomen
373 1095 563 1146 iambeiS,
585 1108 686 1135 cum
708 1108 834 1135 senos
855 1095 1046 1136 redderet
1065 1096 1176 1136 ictus

178 1161 349 1201 Primus
370 1161 427 1201 ad
446 1168 690 1201 extremum
710 1161 861 1201 similis
882 1161 974 1202 sibi.
1034 1161 1131 1202 Non
1153 1162 1213 1202 ita
1232 1160 1408 1215 pridem,

180 1226 362 1267 Tardior
381 1234 429 1267 ut
448 1227 595 1280 paullo
617 1227 870 1280 graviorque
891 1228 1055 1268 veniret
1074 1227 1131 1268 ad
1151 1240 1289 1279 aures,
1393 1227 1478 1268 255

177 1292 398 1346 Spondeos
420 1293 593 1333 stabiles
614 1293 659 1333 in
674 1294 773 1347 jura
793 1299 969 1346 paterna
988 1293 1146 1346 recepit

177 1359 443 1399 Commodus
464 1366 506 1399 et
525 1359 702 1412 patienS‚
724 1372 811 1399 non
833 1366 882 1400 ut
901 1358 954 1399 de
975 1358 1075 1399 sede
1095 1357 1288 1399 secunda

176 1426 355 1466 Cederet
375 1433 451 1466 aut
471 1432 625 1478 quarta
646 1425 867 1466 socialiter.
926 1426 1010 1466 Hie
1030 1432 1072 1466 et
1092 1425 1136 1466 in
1158 1426 1265 1466 Acci

175 1491 402 1533 Nobilibus
425 1492 620 1531 trimetris
641 1498 816 1544 apparet
835 1505 967 1543 rarus,
988 1498 1031 1532 et
1051 1491 1171 1533 Enni

171 1557 227 1605 ,In
249 1570 423 1597 scenam
444 1557 597 1596 missos
617 1570 719 1597 eum
739 1570 898 1610 magno
918 1556 1102 1610 pondere
1122 1568 1284 1608 versuS,
1391 1555 1476 1597 260

174 1622 265 1662 Aut
284 1635 434 1675 operae
454 1622 601 1662 celeris
622 1622 808 1663 nimium
827 1635 1017 1674 curaque
1036 1621 1230 1672 carentis,

174 1688 263 1728 Aut
284 1689 501 1741 ignoratae
522 1689 677 1740 premit
697 1688 798 1727 artis
818 1687 996 1727 crimine
1017 1687 1141 1739 turpi.

176 1753 272 1793 Non
294 1754 437 1805 quivis
458 1753 575 1792 videt
597 1752 880 1792 immodulata
900 1758 1098 1804 poemata
1113 1750 1260 1805 Judex,

174 1818 234 1858 Et
253 1818 354 1858 data
375 1818 583 1858 Romanis
605 1818 732 1857 venia
751 1824 815 1857 est
835 1817 1014 1870 indigna
1033 1817 1179 1870 poetis.

174 1883 393 1931 Idcircone
415 1896 545 1936 vager
565 1883 834 1935 scribamque
854 1882 1060 1923 licenter'!
1090 1895 1149 1923 an
1170 1895 1320 1923 omnes
1389 1883 1472 1925 255

174 1949 350 1989 Visuros
372 1955 548 2001 peecata
568 1955 716 2002 putem
736 1961 844 1999 mea,
867 1955 987 1988 tutus
1008 1955 1050 1987 et
1070 1948 1182 1988 intra

174 2015 306 2068 Spem
326 2017 478 2055 veniae
498 2014 685 2055 cautus'.²
745 2014 888 2054 Vitavi
909 2013 1094 2066 denique
1115 2014 1302 2067 culpam,

174 2080 273 2122 Non
294 2080 469 2121 laudem
490 2081 637 2120 merui.
697 2080 783 2121 Vos
804 2080 1067 2133 exemplaria
1088 2081 1254 2121 Graeea

175 2146 395 2187 Nocturna
416 2153 581 2186 versate
603 2158 749 2196 manu,
771 2153 938 2185 versate
959 2145 1126 2186 diurna.

175 2213 235 2255 At
253 2213 383 2252 vestri
403 2213 549 2266 proavi
570 2212 794 2252 Plautinos
814 2218 857 2251 et
876 2225 1079 2252 numeros
1100 2218 1142 2252 et
1386 2210 1472 2252 270

174 2279 430 2321 Laudavere
452 2278 573 2328 sales,
596 2277 780 2319 nimium
801 2278 1009 2330 patienter
1029 2284 1274 2330 utrumque,

174 2345 241 2387 Ne
261 2345 403 2386 dicam
423 2343 563 2395 stulte,
585 2344 725 2384 mirati
744 2359 752 2395 3
786 2345 821 2384 si
843 2344 968 2384 modo
988 2357 1068 2398 ego
1086 2351 1129 2384 et
1148 2356 1224 2384 vos

554 2495 629 2528 265.
652 2501 688 2528 ut
702 2505 835 2534 omnen
857 2501 892 2527 at
905 2505 1029 2528 omnes.
