1612 2716
541 177 610 220 pn
639 177 771 211 Anam
801 175 1019 220 Pomm-2
1354 162 1452 212 305

106 282 346 344 Percipiant
363 281 496 324 animi
515 281 683 333 dociles,
705 287 962 334 teneantque
982 279 1156 322 fideles:

108 343 248 390 Omne
268 360 583 402 supervacuum
603 347 727 400 pleno
748 346 800 388 de
820 353 985 400 pectore
1005 351 1166 387 manat.

109 414 232 455 Ficta
251 413 483 467 voluptatis
504 426 636 453 causa
657 413 742 453 sint
760 413 955 466 proxima
974 411 1109 452 veris:

110 479 185 530 Ne,
207 478 494 532 quodcunque
514 477 637 529 volet,
659 485 804 530 poscat
824 477 903 518 sibi
923 476 1072 518 fabula
1091 474 1216 527 credi,

109 544 206 585 Neu
226 556 405 596 pransae
425 543 603 583 Lamiae
623 543 775 583 vivum
793 555 975 596 puerum
995 541 1194 582 extrahat
1212 540 1322 582 alvo.
1372 539 1456 580 340

110 608 337 649 Centuriae
357 608 571 648 seniorum
591 608 755 661 agitant
774 608 965 661 expertia
985 606 1130 660 frugis,

110 674 223 714 Celsi
244 680 511 728 praetereunt
531 680 700 713 austera
720 680 918 727 poemata
937 673 1154 714 Ramnes:

111 739 251 779 Omne
271 738 368 779 tulit
387 745 609 791 punctum,
631 739 707 791 qui
726 739 898 779 miscuit
917 738 1020 778 utile
1041 737 1170 790 dulci,

109 803 331 845 Lectorem
350 802 600 844 delectando
620 804 857 856 pariterque
877 803 1102 844 monendo.

110 869 193 909 Hic
213 874 344 909 meret
363 882 461 909 aera
480 869 584 909 liber
603 869 746 920 Sosiis,
769 869 839 909 hic
860 876 902 909 et
922 882 1038 909 mare
1059 868 1221 919 transit,
1375 866 1459 907 345

113 934 172 974 Et
191 934 367 987 longum
387 941 486 974 noto
507 934 695 987 scriptori
715 942 909 987 prorogat
929 947 1100 974 aevum.

113 998 224 1039 Sunt
243 998 398 1038 delicta
417 1005 572 1051 tamen,
593 1000 749 1052 quibus
770 1000 982 1052 ignovisse
1003 999 1202 1039 velimus.

115 1063 230 1103 Nam
249 1075 388 1115 neque
407 1064 567 1103 chorda
596 1077 750 1104 sonum
779 1064 926 1115 reddit,
948 1077 1080 1116 quem
1107 1063 1204 1103 vult
1234 1074 1391 1102 manus
1419 1067 1462 1101 et

281 1140 414 1178 mens,

115 1192 396 1244 Poscentique
418 1204 592 1244 gravem
611 1204 811 1244 persaepe
831 1192 1004 1232 remittit
1024 1197 1224 1242 acutum3

115 1257 206 1298 Nec
227 1270 391 1310 semper
411 1256 538 1307 feriet,
560 1257 846 1309 quodcunque
867 1257 1109 1307 minabitur,
1132 1269 1267 1296 arcus.
1377 1254 1462 1295 350

116 1323 285 1373 Verum,
308 1322 380 1362 ubi
401 1321 524 1374 plura
543 1322 679 1362 nitent
698 1322 744 1361 in
763 1322 963 1373 carmine,
985 1334 1071 1361 non
1091 1334 1169 1373 ego
1189 1319 1336 1374 paucis

117 1387 321 1429 Offendar
340 1387 533 1438 maculis,
554 1400 663 1439 quas
684 1394 760 1427 aut
780 1387 946 1428 incuria
965 1386 1077 1426 fudit

116 1453 204 1492 Aut
224 1453 418 1492 humana
437 1464 589 1504 parum
610 1452 724 1491 cavit
743 1458 909 1491 natura.
969 1450 1092 1495 Quid
1111 1462 1208 1504 ergo
1229 1449 1325 1489 est‘.l

116 1517 175 1558 Ut
195 1517 367 1569 scriptor
386 1518 422 1557 si
442 1523 589 1570 peccat
609 1515 723 1557 idem
743 1516 938 1556 librarius
959 1528 1110 1567 usque,

117 1582 334 1626 Quamvis
354 1589 418 1622 est
439 1582 635 1633 monitus,
657 1582 786 1622 venia
805 1587 919 1622 caret
936 1595 953 1633 ;·
978 1587 1027 1620 ut
1046 1578 1315 1620 citharoedus
1379 1578 1462 1619 355

118 1647 306 1698 Ridetur‚
328 1647 488 1688 chorda
507 1647 582 1699 qui
602 1659 767 1699 semper
786 1647 951 1686 oberrat
971 1645 1146 1686 eadem:

119 1711 190 1752 Sic
211 1713 327 1763 mihi,
349 1713 423 1765 qui
442 1712 629 1753 multum
648 1718 797 1763 cessat,
819 1711 868 1752 fit
888 1710 1110 1751 Choerilus
1130 1710 1212 1761 ille,

119 1777 266 1821 Quem
285 1777 350 1817 bis
371 1783 485 1817 terve
504 1777 667 1817 bonum
686 1789 788 1816 cum
807 1776 896 1816 risu
915 1776 1065 1827 miror3
1097 1781 1138 1814 et
1158 1774 1271 1814 idem

119 1841 332 1893 Indignor,
354 1841 610 1894 quandoque
629 1842 769 1881 bonus
789 1841 989 1881 dormitat
1008 1840 1233 1893 Homerus.

121 1905 281 1946 Verum
300 1906 412 1957 operi
432 1906 557 1958 longo
577 1905 644 1946 fas
663 1913 726 1946 est
745 1907 942 1959 obrepere
962 1917 1175 1946 somnum.
1382 1903 1466 1944 360

121 1970 181 2010 Ut
200 1970 373 2022 pictura,
394 1970 554 2023 poesis:
585 1970 662 2010 erit
682 1982 803 2022 quae,
825 1971 861 2011 si
880 1970 1052 2024 propius
1072 1976 1168 2020 stes,

123 2034 191 2074 Te
211 2034 350 2086 capiat
369 2035 517 2088 magis,
539 2041 580 2075 et
600 2035 826 2088 quaedam,
848 2035 885 2075 si
904 2034 1072 2087 longius
1093 2035 1258 2074 abstes:

123 2099 243 2139 Haec
263 2106 380 2139 amat
398 2101 649 2141 obscurum:
680 2101 794 2141 volet
812 2100 919 2140 haec
939 2100 1020 2140 sub
1040 2099 1135 2140 luce
1156 2098 1300 2150 videri,

125 2165 150 2205 J
152 2164 287 2204 udicis
308 2170 506 2215 argutum
526 2178 636 2216 quae
656 2178 742 2206 non
762 2164 962 2206 formidat
981 2176 1187 2216 acumen;

125 2229 244 2269 Haec
264 2228 422 2280 placuit
443 2229 584 2280 semel,
605 2230 712 2270 haec
731 2230 871 2270 decies
890 2230 1066 2282 repetita
1085 2228 1279 2282 placebit.
1380 2225 1462 2266 365

127 2294 165 2334 Ο
187 2294 318 2347 major
331 2294 554 2347 juvenum,
575 2294 775 2346 quamvis
794 2301 836 2335 et
854 2307 958 2335 voce
977 2300 1153 2347 paterna

613 2441 690 2474 360.
714 2452 809 2483 opere
823 2443 858 2474 in
871 2442 978 2483 longo.
