1650 2730
157 189 255 237 152
736 207 936 241 Eronos

649 406 889 446 GARMEN
934 406 1010 447 IX.

540 546 616 573 AD
659 547 1118 576 MAECENATEM.

294 671 488 718 Quando
507 679 726 726 repostum
745 673 998 715 Caecubum
1016 674 1073 715 ad
1099 675 1229 717 festas
1249 676 1394 731 dapes,

350 738 517 778 Victore
537 737 677 778 laetus
698 738 893 791 Caesare,

294 803 467 843 Tecum
487 804 569 844 sub
590 803 796 843 alta—sic
818 802 916 845 Jovi
937 805 1306 860 gratum—domo,

349 869 480 909 Beate
501 869 744 920 Maecenas,
767 870 912 910 bibam

293 932 483 974 Sonante
503 933 693 974 mixtum
713 934 825 974 tibiis
845 948 1018 976 carmen
1039 935 1146 990 lyra,
1476 939 1506 980 5

349 998 446 1038 Hac
469 998 661 1050 Dorium,
684 998 768 1039 illis
789 1000 1031 1052 barbarum,

294 1063 354 1104 Ut
373 1076 520 1116 nuper,
542 1070 666 1104 actus
686 1077 788 1104 cum
808 1063 913 1105 freto
935 1065 1181 1119 Neptunius

349 1128 454 1168 Dux
474 1128 596 1181 fugit,
618 1130 727 1169 ustis
747 1130 947 1181 navibus,

292 1193 486 1233 Minatus
507 1194 612 1235 Urbi
632 1194 788 1246 vincla,
811 1207 924 1248 quae
944 1195 1187 1238 detraxerat

347 1259 491 1299 Servis
512 1260 679 1299 amicus
699 1260 905 1313 perfidis?
1447 1262 1504 1304 10

289 1324 526 1376 Romanus,
548 1325 660 1365 eheu
678 1326 689 1365 !
718 1326 872 1379 posteri
891 1326 1115 1381 negabitis,

347 1390 662 1443 Emancipatus
682 1390 887 1443 feminae,

289 1456 390 1496 Fert
410 1456 576 1496 vallum
597 1463 639 1496 et
659 1470 781 1497 arma
800 1457 934 1509 miles,
955 1464 998 1498 et
1016 1457 1280 1511 spadonibus

343 1521 509 1561 Servire
529 1522 693 1574 rugosis
713 1529 863 1575 potest,

287 1586 487 1638 Interque
507 1587 632 1639 signa
653 1594 775 1641 turpe
796 1588 999 1628 militaria
1447 1589 1502 1631 15

343 1651 416 1690 Sol
437 1651 618 1704 adspicit
638 1654 894 1706 conopium!

286 1715 343 1754 At
365 1716 444 1754 hoc
466 1717 692 1756 frementes
713 1711 930 1757 verterunt
949 1717 1015 1757 bis
1034 1717 1153 1758 mille
1172 1729 1306 1771 equos

343 1780 468 1831 Galli,
490 1787 693 1821 canentes
715 1782 956 1833 Caesarem,

286 1844 606 1898 Hostiliumque
626 1846 808 1886 navium
828 1854 951 1899 portu
972 1847 1107 1888 latent

342 1909 513 1962 Puppes
545 1910 833 1952 sinistrorsum
852 1913 977 1953 citae.
1442 1913 1501 1955 20

286 1975 333 2015 Io
352 1975 565 2028 triumphe
589 1976 598 2015 !
629 1983 678 2017 tu
697 1978 874 2018 moraris
894 1990 1048 2018 aureos

342 2041 504 2080 Currus
525 2048 566 2081 et
587 2042 770 2082 intactas
790 2043 953 2084 boves?

285 2105 333 2146 Io
354 2105 567 2157 triumphe
585 2106 594 2146 !
626 2120 706 2147 nec
727 2108 753 2148 J
755 2108 989 2160 ugurthino
1008 2120 1158 2160 parem

341 2170 461 2210 Bello
482 2172 701 2223 reportasti
721 2172 890 2223 ducem,
1644 2191 1650 2240 1;

286 2235 439 2287 Neque
462 2235 728 2287 Africanum,
750 2238 822 2276 cui
843 2249 970 2289 super
990 2237 1298 2292 Carthaginem
1439 2237 1497 2278 25
1644 2243 1650 2292 ᾗ

343 2301 486 2342 Virtus
508 2301 753 2353 sepulerum
772 2302 975 2343 condidit.

244 2441 286 2475 C.
300 2443 344 2475 ix.
360 2443 390 2474 5.
413 2444 523 2473 mixtis
626 2442 677 2474 17.
702 2442 750 2473 At
764 2442 846 2481 huc;
871 2443 924 2475 Ad
939 2443 1048 2482 bune;
1072 2443 1211 2484 Adhuc3
1233 2443 1393 2476 Athmo-

571 2494 624 2527 20.
648 2496 740 2527 sitae.
827 2495 881 2527 25.
906 2495 1069 2527 Africano.
