1650 2730
171 162 236 207 80
254 169 264 204 .’

715 172 977 207 ΟΔΒΜῙΝΠΜ

481 273 715 326 Portasque
735 287 820 314 non
841 274 1014 314 clausas
1033 280 1076 314 et
1094 286 1199 315 arva

538 338 676 379 Marte
695 338 777 378 coli
796 339 1001 391 populata
1019 345 1178 380 nostro.

426 467 545 509 Auro
564 480 767 520 repensus
788 467 948 508 scilicet
967 468 1102 509 acrior

426 533 552 574 Miles
571 532 746 573 redibit!
807 533 993 586 Flagitio
1013 533 1172 574 additis

483 598 732 639 Damnum:
763 611 902 651 neque
922 599 1102 638 amissos
1121 598 1281 639 colores

535 663 662 705 Lana
681 662 810 704 refert
828 663 1042 704 medicata
1060 663 1175 716 fuco,

426 792 518 834 Nec
537 806 639 833 vera
658 793 806 845 virtus,
826 806 928 833 cum
949 793 1081 834 semel
1100 793 1272 846 excidit,

429 858 564 899 Curat
583 859 728 911 reponi
748 859 1036 899 deterioribus.

484 923 531 964 Si
550 930 715 976 pugnat
734 924 941 964 extricata
960 923 1104 963 densis

540 989 680 1029 Cerva
698 989 849 1042 plagis,
870 989 948 1030 erit
966 988 1038 1029 ille
1057 987 1188 1039 fortis,

427 1118 521 1162 Qui
539 1118 713 1171 perfidis
732 1131 778 1159 se
798 1118 977 1159 credidit
996 1118 1203 1170 hostibus,

427 1182 486 1224 Et
507 1184 643 1224 Marte
663 1184 828 1224 Poenos
848 1190 1028 1237 proteret
1047 1183 1191 1234 altero,

483 1249 576 1294 Qui
597 1249 687 1289 lora
705 1249 905 1290 restrictis
925 1249 1092 1289 lacertis

541 1314 685 1356 Sensit
703 1315 816 1355 iners
835 1315 1064 1368 timuitque
1083 1319 1274 1355 mortem.

429 1453 523 1504 Hic,
546 1453 660 1493 unde
682 1454 817 1493 vita'm
837 1460 1033 1504 sumeret,
1054 1453 1226 1504 inscius,

426 1519 585 1558 Pacem
605 1517 753 1558 duello
773 1518 957 1558 miscuit.
1018 1518 1056 1559 O
1077 1518 1238 1571 pudor!

484 1582 523 1622 O
544 1595 704 1635 magna
724 1583 951 1636 Carthago,
972 1583 1181 1636 probrosis

541 1647 676 1687 Altior
695 1648 844 1688 Italiae
865 1649 1025 1688 ruinis!

428 1785 583 1826 Fertur
602 1785 785 1838 pudicae
806 1787 998 1841 conjugis
1018 1787 1230 1839 osculum,

427 1850 674 1903 Parvosque
695 1858 828 1903 natos,
851 1858 899 1892 ut
918 1852 1069 1905 capitis
1089 1853 1238 1903 minor,

484 1915 553 1956 Ab
574 1928 618 1955 se
638 1918 880 1968 removisse,
902 1923 944 1957 et
963 1917 1131 1957 virilem

541 1980 715 2022 Torvus
735 1982 858 2023 humi
877 1981 1071 2035 posuisse
1090 1980 1288 2022 vultum:

432 2118 581 2159 Donec
602 2120 796 2161 labantes
815 2119 992 2160 consilio
1012 2119 1159 2159 Patres

430 2183 641 2224 Firmaret
660 2191 807 2224 auctor
826 2195 1053 2235 nunquam
1073 2183 1180 2224 alias
1200 2183 1312 2237 dato,

485 2249 686 2301 Interque
706 2255 941 2289 moerentes
962 2239 1122 2289 amicos

541 2313 753 2368 Egregius
772 2321 1010 2367 properaret
1028 2313 1166 2356 exsul.

752 2444 806 2478 29.
829 2445 958 2478 oceidit.

1469 857 1528 899 30
