1612 2716
154 108 251 159 270
648 118 987 153 mrs'romuu

153 228 194 269 N
196 227 296 268 ollet
314 224 674 279 Aristippus.-Si
694 224 819 265 sciret
837 223 1006 276 regibus
1026 222 1102 274 uti,

153 293 381 335 Fastidiret
399 292 506 342 olus,
527 291 604 343 qui
624 303 692 330 me
713 288 1050 330 notat.-Utrius
1070 288 1225 329 horum
1451 286 1505 328 15

154 359 292 399 Verba
311 358 460 411 probes
479 362 521 396 et
540 355 665 407 facta,
686 355 801 406 doce,
823 354 892 395 vel
905 354 1050 408 junior
1068 353 1183 405 audi,

155 424 244 464 Cur
264 424 317 463 sit
336 422 539 475 Aristippi
559 423 693 475 potior
713 420 924 461 sententia
941 434 950 473 3
983 431 1173 472 namque

155 488 400 529 Mordacem
422 488 640 540 Cynicum
661 487 722 526 sic
743 486 953 536 eludebat,
976 492 1025 525 ut
1045 485 1191 525 aiunt:

155 554 330 595 scurror
349 566 427 606 ego
448 553 537 606 ipse
557 552 675 603 mihi,
697 551 853 605 populo
874 558 946 602 tu3
979 551 1134 590 rectius
1154 550 1236 589 hoc
1256 554 1298 589 et

153 618 431 672 Splendidjus
453 618 589 658 multo
610 625 685 657 est.
747 617 900 669 Equus
921 622 968 655 ut
990 628 1058 655 me
1079 621 1224 668 portet,
1241 614 1329 655 alat
1348 626 1436 665 rex,
1451 613 1509 654 20

155 684 358 725 Officium
378 683 515 735 sacio3
546 690 594 723 tu
617 682 755 735 poscis
777 681 879 722 vilia
899 693 1040 721 rerum

155 749 295 789 Dante
317 749 463 799 minor,
485 748 686 800 quamvis
706 747 790 787 fers
811 753 851 787 te
871 746 1035 786 nullius
1055 751 1265 798 egentem.

94 859 101 862 ‚
155 814 309 855 Omnis
330 814 597 866 Aristippum
616 812 760 853 decuit
778 811 891 852 color
910 819 952 851 et
973 817 1110 851 status
1131 817 1173 850 et
1192 822 1270 861 res,

155 880 420 920 Tentantem
439 880 610 933 majora,
633 878 718 918 fere
738 877 1032 931 praesentibus
1053 875 1256 928 aequum.

157 946 326 995 Contra,
348 957 479 997 quem
499 944 660 996 duplici
680 955 824 996 panno
845 942 1050 995 patientia
1070 941 1197 992 velat,
1453 938 1511 980 25

157 1011 353 1061 Mirabor,
376 1011 490 1049 vitae
511 1010 583 1049 via
604 1010 639 1049 si
660 1021 866 1048 conversa
886 1007 1062 1047 decebit.

157 1076 274 1116 Alter
294 1087 556 1128 purpureum
577 1087 663 1114 non
684 1073 947 1126 exspectabit
967 1072 1186 1122 amictum,

156 1142 382 1187 Quidlibet
402 1140 579 1180 indutus
599 1139 871 1179 celeberrima
890 1151 963 1191 per
991 1137 1084 1177 loca
1105 1136 1243 1187 vadet,

157 1207 475 1258 Personamque
496 1204 599 1245 feret
619 1217 706 1244 non
728 1204 1011 1244 inconcinnus
1033 1209 1285 1255 utramque:

157 1272 276 1312 Alter
297 1271 433 1311 Mileti
454 1277 617 1310 textam
638 1283 746 1310 cane
766 1270 887 1323 pejus
907 1275 950 1309 et
970 1268 1103 1321 angui
1456 1265 1514 1306 30

158 1338 318 1378 Vitabit
338 1336 628 1389 chlamydem,
651 1336 853 1375 morietur
873 1334 1035 1388 frigore,
1058 1334 1095 1374 si
1114 1346 1202 1373 non

158 1403 369 1444 Retuleris
389 1414 608 1454 pannum:
640 1400 747 1440 refer
767 1408 808 1440 et
829 1401 920 1440 sine
942 1400 1064 1440 vivat
1083 1397 1281 1452 ineptus!

158 1469 246 1509 Res
266 1481 406 1521 gerere
426 1474 467 1507 et
487 1474 633 1520 captos
654 1466 874 1506 ostendere
894 1466 1062 1506 civibus
1083 1465 1237 1516 hostes,

159 1534 342 1585 Attingit
362 1533 518 1572 solium
538 1532 658 1573 Jovis
679 1538 723 1572 et
740 1532 940 1572 coelestia
961 1537 1119 1571 tentat:

161 1598 430 1650 Principibus
451 1597 665 1650 placuisse
686 1597 787 1636 viris
808 1608 893 1636 non
916 1596 1068 1635 ultima
1089 1595 1185 1633 laus
1206 1598 1281 1633 est.
1458 1592 1514 1634 35

161 1663 259 1704 Non
279 1663 417 1703 cuivis
438 1662 602 1702 homini
622 1661 829 1713 contingit
849 1660 963 1699 adire
985 1659 1253 1699 Corinthum.

161 1727 291 1778 Sedit,
314 1727 387 1779 qui
409 1727 562 1777 timuit,
585 1738 638 1765 ne
659 1738 746 1765 non
767 1724 1035 1764 succederet:
1067 1730 1180 1763 esto:

162 1793 296 1843 Quid,
318 1792 393 1844 qui
413 1791 636 1844 pervenit?
695 1790 873 1830 Fecitne
893 1789 1099 1829 viriliter?
1157 1789 1292 1842 Atqu1

163 1859 246 1900 Hic
267 1865 330 1897 est
350 1863 426 1897 aut
444 1869 674 1909 nusquam,
691 1854 806 1908 quod
827 1854 1085 1907 quaerimus.
1136 1854 1220 1895 Hic
1240 1866 1351 1896 onus
1365 1853 1516 1906 horret,

163 1924 223 1965 Ut
242 1923 383 1976 parvis
403 1922 559 1962 animis
579 1927 622 1961 et
640 1933 772 1975 parvo
792 1933 962 1973 corpore
983 1921 1121 1974 majus
1138 1934 1147 1972 3
1459 1919 1516 1961 40

164 1990 247 2030 Hic
268 1988 381 2028 subit
400 1994 442 2028 et
462 1986 623 2041 perfert.
683 1987 773 2027 Aut
793 1986 927 2026 virtus
948 1998 1103 2026 nomen
1125 1986 1253 2026 inane
1273 1992 1348 2038 est,

163 2056 253 2096 Aut
272 2054 404 2094 decus
424 2061 466 2094 et
485 2053 667 2106 pretium
687 2059 797 2092 recte
818 2052 921 2105 petit
940 2052 1162 2104 experiens
1182 2052 1258 2092 vir.

166 2120 322 2161 Coram
342 2132 437 2172 rege
459 2131 537 2158 suo
557 2118 611 2158 de
631 2124 878 2171 paupertate
900 2123 1088 2158 tacentes

165 2186 271 2227 Plus
291 2191 487 2239 poscente
507 2183 665 2236 ferent3
698 2182 838 2234 distat,
861 2196 1064 2223 sumasne
1084 2181 1303 2236 pudenter,

170 2252 238 2294 An
257 2250 409 2304 rapias.
467 2249 601 2302 Atqui
621 2261 762 2289 rerum
782 2254 913 2301 caput
934 2249 1015 2288 hoc
1036 2255 1137 2300 erat,
1159 2247 1230 2288 hic
1249 2246 1357 2288 fons.
1460 2245 1516 2287 45

568 2401 623 2434 21.
645 2401 740 2433 vilia:
763 2410 883 2433 verum.
972 2400 1025 2432 43.
1048 2409 1117 2432 mia.
