1612 2716
503 196 650 230 mm
681 196 714 229 1.
779 195 818 229 e.
850 196 918 228 vr.
1282 181 1381 228 198

38 304 184 346 Causa
201 301 283 342 fuit
301 307 422 355 pater
438 300 515 351 his,
536 300 612 352 qui
633 312 775 340 macro
794 311 955 352 pauper
973 297 1112 352 agello

39 369 186 411 Noluit
205 368 250 408 in
271 367 400 408 Flavi
418 365 569 406 ludum
591 378 657 404 me
679 365 852 416 mittere,
873 364 1021 417 magni

40 435 144 480 Quo
163 433 282 486 pueri
302 432 470 484 maguis
490 444 513 470 e
533 430 850 470 centurionibus
869 430 958 480 orti,

41 500 186 540 Laevo
206 498 401 550 suspensi
423 496 582 536 loculos
603 495 885 547 tabulamque,
901 495 1066 546 lacerto,

43 565 170 604 Ibant
187 562 350 602 octonis
370 561 594 601 referentes
614 561 764 600 Idibus
785 573 883 600 aera
900 574 909 611 3
1330 560 1385 602 75

41 628 129 670 Sed
149 639 332 681 puerum
350 633 415 666 est
433 638 568 666 ausus
588 626 773 666 Romam
793 632 955 677 portare
976 623 1220 666 docendum

42 694 176 744 Artes,
197 705 305 745 quas
325 691 476 731 doceat
495 691 637 743 quivis
656 703 787 742 eques
807 696 934 742 atque
955 695 1124 730 senator

43 758 187 800 Semet
205 763 442 810 prognatos.
501 756 672 796 Vestem
692 767 919 807 servosque
941 754 1177 806 sequentes,

43 823 96 863 In
115 835 272 875 magno
293 828 340 862 ut
357 821 526 874 populo,
548 821 583 860 si
604 821 679 872 qui
699 819 886 871 vidisset,
908 820 1025 859 avita

45 887 118 927 Ex
136 900 180 927 re
199 886 386 939 praeberi
406 893 603 938 sumptus
623 886 730 926 mihi
750 885 935 925 crederet
955 885 1061 925 illos.
1334 885 1391 926 ΒΟ

45 952 142 1005 Ipse
160 951 268 992 mihi
286 959 429 991 custos
449 951 835 1004 incorruptissimus
854 963 1002 991 omnes

47 1017 222 1056 Circum
241 1016 434 1056 doctores
453 1016 610 1056 aderat.
669 1017 790 1061 Quid
810 1016 979 1056 multa?
1009 1014 1227 1067 pudicum,

47 1081 142 1126 Qui
160 1081 321 1133 primus
336 1081 508 1120 virtutis
529 1078 662 1120 hon'os
683 1081 869 1120 servavit
889 1081 944 1120 ab
963 1079 1078 1118 omni

49 1145 147 1186 Non
167 1144 306 1184 solum
325 1143 448 1195 facto,
469 1157 619 1184 verum
638 1145 856 1196 opprobrio
876 1155 1044 1194 quoque
1066 1143 1201 1196 turpi;

50 1210 138 1251 Nec
159 1209 311 1259 timuit,
334 1209 413 1248 sibi
433 1221 486 1248 ne
506 1209 609 1248 vitio
628 1209 725 1260 quis
745 1213 929 1256 verteret,
952 1207 1055 1247 olim
1334 1208 1390 1250 85

50 1274 97 1315 Si
117 1286 268 1326 praeco
287 1286 441 1326 parvas
461 1279 547 1323 aut,
570 1279 618 1312 ut
637 1272 718 1312 fuit
736 1273 834 1323 ipse,
855 1277 1023 1309 coactor
1240 1322 1245 1326 .

51 1337 268 1379 Mercedes
281 1350 494 1390 sequerer;
518 1349 656 1389 neque
668 1347 742 1387 ego
754 1346 891 1372 essem
904 1341 1081 1385 questus
1093 1349 1102 1387 ;
1124 1342 1169 1376 at
1179 1336 1261 1376 hoc
1273 1349 1392 1378 nunc

50 1403 168 1443 Laus
187 1403 250 1443 illi
268 1402 445 1443 debetur
463 1408 505 1441 et
524 1415 551 1441 a
566 1414 633 1441 me
651 1398 785 1450 gratia
805 1399 947 1451 major.

50 1467 124 1508 Nil
142 1480 211 1508 me
230 1467 443 1520 poeniteat
463 1478 614 1513 sanum
635 1463 763 1515 patris
784 1463 935 1516 hujus;
968 1476 1102 1515 eoque

54 1531 164 1581 Non,
185 1538 234 1571 ut
252 1544 411 1583 magna
432 1531 528 1570 dolo
544 1526 707 1566 factum
726 1534 856 1579 negat
876 1541 968 1567 esse
989 1541 1066 1568 suo
1086 1541 1195 1581 parS,
1334 1531 1392 1572 90

52 1595 187 1640 Quod
205 1607 291 1635 non
310 1595 514 1647 ingenuos
535 1591 689 1631 habeat
708 1591 927 1644 clarosque
947 1601 1151 1646 parentes,

53 1660 124 1701 Sic
144 1672 213 1700 me
231 1659 465 1701 defendam.
524 1656 670 1708 Longe
690 1669 787 1696 mea
806 1656 1015 1710 discrepat
1034 1659 1125 1699 istis

53 1724 113 1765 Et
131 1737 218 1764 vox
237 1731 278 1764 et
297 1724 420 1772 raffo3
451 1733 555 1760 nam
574 1721 610 1760 si
630 1729 783 1761 natura
796 1723 963 1775 juberet

54 1789 93 1828 A
112 1788 235 1828 certis
255 1785 374 1829 annis
394 1797 551 1825 aevum
570 1798 755 1826 remeare
774 1794 1010 1839 peractum‚'

55 1853 196 1903 Atque
219 1852 317 1892 ahos
331 1848 479 1902 legere,
500 1849 557 1889 ad
576 1848 737 1909 fastum
756 1863 1035 1904 quoscunque
1054 1860 1251 1906 parentes
1335 1855 1390 1897 95

56 1916 227 1968 Opta-ret
246 1912 324 1955 sibi
343 1914 548 1966 quisque;
579 1915 687 1954 meis
706 1923 931 1956 contentus
952 1918 1151 1958 honestos

58 1976 262 2019 Fascibus
280 1983 322 2016 et
340 1977 454 2018 sellis
474 1978 631 2019 nollem
651 1980 757 2019 mihi
777 1993 956 2032 sumere,
980 1981 1156 2023 demens

56 2039 220 2084 jndicio
240 2040 370 2092 vulgi,
392 2054 524 2082 sanus
543 2042 720 2084 fortasse
741 2051 826 2095 tuo,
848 2045 963 2096 quod

55 2103 226 2145 Nollem
246 2116 365 2155 onuS,
386 2106 505 2146 haud
524 2120 719 2160 unquam
740 2109 899 2160 solitus,
921 2117 1084 2162 portare
1104 2112 1345 2156 molestum.

55 2168 170 2209 Nam
188 2167 295 2207 mihi
313 2169 514 2210 continuo
531 2173 665 2226 major
683 2174 928 2225 quaerenda
948 2174 1052 2215 foret
1072 2190 1148 2229 res,
1310 2177 1391 2218 100

58 2233 198 2285 Atque
219 2231 431 2272 salutandi
450 2234 600 2286 plures,
622 2237 845 2279 ducendus
864 2246 906 2279 et
926 2253 1039 2280 unus

58 2297 118 2337 Et
135 2308 276 2336 comes
296 2295 412 2347 alter,
434 2298 496 2336 uti
516 2310 571 2338 ne
591 2300 706 2340 solus
725 2314 852 2342 rusve
873 2316 1097 2357 peregreve

211 2432 263 2466 79.
285 2434 313 2464 si
327 2433 405 2474 quis.
493 2435 548 2467 87.
568 2436 613 2468 nd
626 2436 707 2476 hoe;
729 2439 771 2470 ob
784 2439 856 2471 hoc.
947 2440 1017 2472 102.
1041 2450 1170 2480 peregre
1185 2446 1248 2474 aut.

712 2499 739 2538 9
