1650 2730
189 164 255 212 38

723 178 990 212 mmmm

330 280 538 336 InJurioso
556 294 611 322 ne
631 282 738 335 pede
757 294 932 335 proruas

330 346 526 388 Stantem
544 347 803 399 columnam,
825 360 912 388 neu
930 346 1114 401 populus
1133 346 1334 402 frequens

389 412 460 453 Ad
479 426 599 453 arma
617 419 844 465 cessantes,
866 413 922 453 ad
941 426 1062 454 arma

445 479 640 519 Concitet
659 479 969 532 imperiumque
989 478 1168 533 frangat.

331 607 400 649 Te
420 621 586 662 semper
605 608 737 649 anteit
757 621 887 649 saeva
907 608 1161 661 Necessitas,

333 673 492 714 Clavos
512 674 696 714 trabales
716 681 758 714 et
777 687 938 715 cuneos
958 687 1094 714 manu

389 739 574 779 Gestans
595 739 747 791 ahena,
769 752 847 779 nec
868 752 1042 779 severus

443 804 595 845 Uncus
617 805 737 845 abest
756 804 1056 858 liquidumque
1076 804 1316 858 plumbum.

330 934 399 975 're
419 935 525 988 Spes
546 942 588 976 et
607 935 705 976 albo
724 949 819 976 rara
839 935 970 976 Fides
990 935 1090 975 colit

332 1000 483 1040 Velata
501 1014 656 1054 panno,
677 1014 756 1042 nec
776 1001 975 1041 comitem
994 1001 1189 1055 abnegat,

388 1065 615 1119 Utcunque
635 1073 802 1107 mutata
821 1073 1013 1119 potentes

444 1131 571 1172 Veste
591 1131 741 1172 domos
762 1131 937 1172 inimica
957 1131 1130 1184 linquis,

328 1260 388 1300 At
406 1260 565 1315 vulgus
585 1261 771 1302 infidum
790 1268 832 1302 et
852 1261 1050 1302 meretrix
1068 1267 1177 1303 retro

328 1327 502 1381 Pexjura
521 1328 633 1368 cedit
649 1343 658 1381 ;
691 1328 924 1382 diffugiunt
943 1328 1062 1368 cadis

386 1393 501 1434 Cum
521 1393 638 1434 faece
658 1395 825 1434 siccatis
846 1394 984 1444 amici,

439 1459 567 1499 Ferre
581 1460 738 1512 jugum
756 1458 909 1511 pariter
928 1456 1073 1497 dolosi.

326 1587 479 1628 Serves
499 1588 661 1627 iturum
681 1587 911 1627 Caesarem
931 1586 976 1626 in
995 1586 1169 1626 ultimos

326 1652 452 1693 Orbis
473 1653 710 1704 Britannos,
731 1659 773 1692 et
785 1653 999 1706 juvenum
1017 1663 1164 1692 recens

382 1718 596 1768 Examen,
618 1718 722 1757 Eois
745 1717 984 1757 timendum

438 1783 636 1823 Partibus
657 1782 914 1836 Oceanoque
934 1782 1069 1823 rubro.

326 1910 455 1953 Eheu
475 1911 723 1953 cicatricum
744 1919 786 1953 et
806 1913 975 1953 sceleris
995 1912 1127 1966 pudet

326 1976 624 2030 Fratrumque.
685 1978 806 2023 Quid
827 1991 905 2018 nos
925 1978 1034 2018 dura
1052 1976 1290 2029 refugimus

383 2041 512 2081 Aetas
526 2043 545 2082 ’.ῖ
574 2042 678 2094 quid
700 2043 911 2083 intactum
930 2041 1085 2082 nefasti

439 2106 668 2159 Liquimus
681 2108 700 2147 '3
730 2107 846 2148 unde
867 2119 1049 2147 manum
1062 2107 1270 2159 Juventus

327 2245 448 2286 Metu
468 2245 644 2286 deorum
663 2245 905 2286 continuit?
934 2245 1090 2297 quibus

326 2310 518 2368 Pepercit
537 2312 621 2352 aris
633 2311 653 2351 ’.ῑ
711 2311 750 2352 Ο
771 2311 938 2351 utinam
957 2323 1072 2351 nova

329 2453 368 2487 C.
382 2463 477 2487 xxxv.
495 2454 545 2486 17.
568 2462 671 2486 serva.
792 2451 846 2484 33.
870 2450 956 2489 Heu,
970 2450 1054 2484 heu!
1173 2452 1228 2485 36.
1250 2424 1376 2485 mnam,

1481 413 1536 455 15

1472 1649 1530 1691 30

1468 2038 1526 2081 35
