1650 2730
219 222 315 271 148

793 231 991 265 EPoDoR
1017 231 1022 234 “

384 338 518 392 Atqui
537 351 616 379 nec.
635 338 767 378 herba
786 349 866 377 nec
887 337 1026 376 latens
1045 335 1090 376 in
1110 334 1271 389 asperis

441 403 585 445 Radix
606 402 754 443 fefellit
774 415 843 442 me
865 402 978 441 locis.

387 469 595 511 Indormit
616 469 755 508 unctis
775 468 970 507 omnium
989 465 1205 507 cubilibus

444 534 670 575 Oblivione
691 533 964 585 pellicum.—

385 600 467 650 Ah,
490 600 558 650 ah,
581 598 748 638 solutus
769 597 965 637 ambulat
987 595 1206 636 veneficae

441 664 684 705 Scientioris
704 663 904 702 carmine.

387 730 486 771 Non
507 729 686 780 usitatis,
709 729 829 779 Vare,
852 727 1094 780 potionibus

444 795 482 835 Ο
505 794 643 834 multa
662 793 864 834 fleturum
885 798 1026 845 caput,

387 859 458 901 Ad
478 872 547 899 me
569 871 767 910 recurres,
788 871 868 898 nec
889 864 1042 898 vocata
1062 869 1185 897 mens
1204 862 1284 897 tua

443 925 599 965 Marsis
619 924 770 964 redibit
789 924 978 963 vocibus.

387 990 533 1044 Majus
553 989 722 1042 parabo,
744 990 885 1042 majus
904 987 1134 1029 infundam
1153 986 1230 1027 tibi

445 1054 700 1096 Fastidienti
720 1054 936 1107 poculum,
1125 1106 1128 1109 Ι

387 1121 597 1172 Priusque
617 1120 786 1160 coelum
806 1118 917 1159 sidet
935 1117 1113 1158 inferius
1132 1109 1253 1169 mari,

442 1185 619 1225 Tellure
639 1190 829 1238 porrecta
848 1196 985 1236 super,

387 1250 539 1295 Quam
559 1262 646 1289 non
666 1262 809 1289 amore
829 1249 891 1288 sic
910 1260 1007 1288 meo
1026 1246 1192 1300 flagres,
1212 1245 1278 1287 uti

444 1316 647 1355 Bitumen
667 1315 769 1354 atris
789 1314 998 1367 ignibus„

388 1380 480 1421 Sub
501 1380 609 1419 haec
629 1393 744 1432 puer,
759 1380 853 1433 jam
871 1391 971 1430 non,
993 1383 1042 1418 ut
1060 1383 1171 1429 ante,
1191 1375 1394 1417 mollibus

442 1445 595 1485 Lenire
616 1445 755 1485 verbis
776 1444 940 1497 impias,

387 1509 484 1560 Sed,
507 1509 667 1550 dubius
688 1509 805 1549 unde
823 1513 1036 1560 rumperet
1055 1506 1286 1558 silentium,

443 1575 562 1614 Misit
584 1575 830 1627 Thyesteas
849 1586 1018 1627 preces:

348 1640 566 1680 “Venena
585 1652 797 1692 magnum
816 1639 882 1679 fas
901 1638 1109 1691 nefasque
1128 1649 1216 1678 non
1234 1635 1383 1677 valent

445 1706 699 1744 Convertere
719 1705 960 1744 humanam
977 1704 1129 1743 vicem.

387 1769 502 1809 Diris
523 1781 651 1821 agam
670 1781 772 1820 vos;
804 1768 897 1808 dira
916 1767 1140 1808 detestatio

444 1833 578 1874 Nulla
598 1833 797 1886 expiatur
814 1833 1002 1874 victima.

387 1898 523 1949 Quin,
544 1898 618 1938 ubi
638 1898 770 1951 perire
783 1899 931 1952 jussus
951 1898 1233 1951 exspiravero‚

445 1963 692 2004 Nocturnus
712 1976 934 2004 occurram
953 1963 1078 2014 furor,

389 2027 626 2080 Petamque
646 2028 796 2068 vultus
816 2030 969 2069 umbra
988 2027 1131 2068 curvis
1151 2025 1382 2079 unguibus,

444 2093 572 2137 Quae
593 2094 659 2132 vis
680 2093 858 2133 deorum
876 2100 941 2133 est
961 2092 1171 2142 Manium,

388 2156 449 2198 Et
467 2157 667 2209 inquietis
688 2157 883 2198 assidens
901 2156 1154 2209 praecordiis

445 2221 607 2261 Pavore
628 2234 800 2261 somnos
821 2221 1026 2261 auferam.

390 2285 476 2328 Vos
495 2286 622 2326 turba
640 2286 818 2326 vicatim
837 2286 939 2326 hinc
958 2293 1001 2326 et
1019 2286 1122 2326 hinc.
1142 2285 1260 2327 saxis
1278 2290 1428 2339 petens

375 2365 378 2369 ¹
444 2350 690 2392 contundet
708 2351 939 2391 obscoenas
959 2363 1093 2392 anus:

820 2489 874 2522 81.
896 2491 973 2523 mei.

1515 527 1573 570 ⁷0

1515 854 1573 897 '75

1513 2154 1571 2196 95
