1612 2716
126 151 220 196 262
631 159 968 193 EPISTOLARUM

125 265 247 306 Vivis
267 271 309 305 et
329 265 476 316 urtica,
498 264 558 305 sic
578 265 698 304 vives
721 265 923 318 protinus,
947 270 995 304 ut
1013 271 1056 305 te

129 330 364 371 Confestim
386 330 575 383 liquidus
598 331 813 370 Fortunae
835 330 952 370 rivus
973 331 1163 370 inauret:

126 397 202 437 Vel
223 397 326 448 quia
345 402 546 436 naturam
567 403 732 436 mutare
753 396 937 449 pecunia
957 395 1104 446 nescit,
1425 394 1479 435 10

126 461 203 501 Vel
223 462 326 513 quia
345 468 503 501 cuncta
523 468 649 514 putas
671 475 759 501 una
779 462 936 501 virtute
957 461 1134 501 minora.

127 527 343 578 Miramur,
366 527 401 566 si
424 527 653 567 Democriti
675 540 805 580 pecus
826 527 912 567 edit
932 527 1092 580 agellos

127 592 352 644 Cultaque,
375 592 480 632 dum
501 606 670 645 peregre
691 600 755 632 est
775 590 947 632 animus
968 593 1059 632 sine
1080 604 1249 644 corpore
1273 591 1420 631 velox:

127 658 240 698 Cum
261 666 308 698 tu
330 659 437 698 inter
457 659 645 702 scabiem
665 665 832 698 tantam
852 665 894 698 et
914 658 1113 711 contagia
1136 658 1253 709 lucri,

127 724 198 764 Nil
219 737 403 777 parvum
423 725 564 777 sapias
584 731 626 764 et
646 724 789 764 adhuc
811 724 1012 764 sublimia
1031 736 1178 764 cures:
1427 723 1479 764 15

128 792 257 835 Quae
278 803 394 830 mare
414 796 688 843 compescant
707 803 876 841 causae,
898 789 1003 842 quid
1024 795 1226 843 temperet
1245 801 1422 841 annum,

127 855 286 896 Stellae
307 862 455 908 sponte
476 868 556 895 sua
570 856 773 909 jussaene
793 862 1006 909 vagentur
1025 862 1068 895 et
1087 861 1236 907 errent,

127 920 251 966 Quid
271 927 435 974 premat
454 921 685 961 obscurum
705 921 846 972 lunae,
867 920 972 973 quid
993 920 1174 974 proferat
1193 921 1349 972 orbem,

127 986 251 1031 Quid
271 986 375 1026 velit
394 993 436 1026 et
456 987 588 1039 possit
606 999 749 1027 rerum
769 986 995 1027 concordia
1014 986 1187 1037 discors,

129 1051 426 1104 Empedocles,
447 1065 504 1092 an
525 1052 776 1093 Stertinium
797 1052 944 1092 deliret
965 1051 1183 1092 acumen'.z
1424 1051 1483 1092 20

129 1117 289 1157 Verum
310 1130 387 1157 seu
407 1117 544 1170 pisces
565 1130 643 1157 seu
662 1130 835 1170 porrum
854 1123 895 1157 et
914 1129 1044 1169 caepe
1065 1116 1267 1168 trucidas,

129 1184 256 1224 Utere
277 1183 480 1235 Pompeio
501 1182 706 1235 Grospho,
728 1189 780 1233 et,
804 1182 839 1222 si
859 1181 964 1235 quid
984 1188 1107 1235 petet,
1131 1182 1240 1222 ultro

130 1247 260 1288 Defer
274 1262 299 1293 z,
314 1247 375 1288 nil
397 1247 620 1300 Grosphus
640 1247 723 1287 nisi
742 1260 895 1288 verum
914 1248 1048 1287 orabit
1067 1254 1109 1287 et
1129 1259 1331 1299 aequum.

130 1314 237 1354 Vilis
257 1314 493 1354 amicorum
514 1320 579 1353 est
598 1326 782 1364 annona,
806 1313 927 1353 bonis
947 1313 1020 1353 ubi
1041 1312 1146 1365 quid
1166 1313 1295 1352 deest.

130 1379 196 1420 Ne
217 1386 362 1419 tamen
383 1379 561 1431 ignores,
584 1392 669 1431 quo
690 1379 743 1418 sit
763 1379 961 1420 Romana
982 1379 1073 1418 loco
1094 1391 1180 1418 res:
1426 1377 1482 1419 25

131 1445 345 1484 Cantaber
365 1445 590 1497 Agrippae,
614 1444 771 1484 Claudi
791 1445 946 1483 virtute
967 1444 1147 1484 Neronis

131 1510 362 1550 Armenius
383 1509 558 1561 cecidit;
584 1510 657 1563 jus
677 1510 989 1562 imperiumque
1011 1509 1217 1548 Phraates

132 1574 328 1614 Caesaris
349 1575 511 1627 accepit
533 1575 713 1627 genibus
734 1575 894 1626 minor3
927 1587 1057 1614 aurea
1077 1573 1221 1627 fruges

131 1639 280 1680 Italiae
300 1639 426 1692 pleno
446 1639 644 1680 defundit
664 1640 797 1691 Copia
817 1651 962 1679 cornu.

727 1834 886 1845 ——

587 1993 871 2033 EPISTOLA
906 1993 1031 2032 XIII.

456 2121 531 2148 AD
571 2123 809 2150 VINIUM
850 2123 1158 2152 ASELLAM.

249 2232 309 2274 Ut
328 2232 665 2286 proficiscentem
684 2235 810 2276 docui
830 2243 870 2276 te
891 2251 1016 2290 saepe
1037 2239 1214 2295 diuque,

193 2298 389 2350 Augusto
408 2297 558 2338 reddes
579 2299 747 2351 signata
766 2301 997 2352 volumina,
1019 2303 1130 2355 Vini,

193 2362 240 2403 Si
260 2361 443 2413 validus,
465 2362 500 2402 si
520 2362 657 2403 laetus
677 2364 764 2411 erit,
787 2365 822 2404 si
843 2365 1025 2418 denique
1046 2374 1215 2419 poscet:

193 2426 259 2468 Ne
279 2426 420 2469 studio
438 2428 570 2469 nostri
588 2439 749 2481 pecces,
770 2428 1002 2483 odiumque
1022 2431 1175 2472 libellis
