1650 2730
541 180 907 268 nram-avt
1294 218 1390 272 149

209 338 312 380 Post
331 336 545 391 insepulta
563 335 757 377 membra
775 334 970 376 different
988 333 1080 388 lupi

267 403 329 444 Et
348 402 602 454 Esquilinae
623 401 768 454 alites;
1308 397 1390 438 100

211 467 362 520 Neque
381 467 463 507 hoc
483 472 688 520 parentes,
709 465 796 506 heu
815 464 922 505 mihi
942 462 1198 517 superstites,

267 532 478 585 Effugerit
497 530 824 586 spectaculum.'’

548 916 787 957 GARMEN
822 916 898 956 VI.

205 1073 327 1118 Quid
346 1073 613 1117 immerentes
632 1073 819 1126 hospites
839 1085 986 1124 vexas,
1006 1073 1139 1124 caan,

261 1138 453 1190 Ignavus
473 1137 702 1181 adversum
722 1138 844 1190 lupos
856 1138 876 1177 2²

207 1203 330 1247 Quin
350 1202 437 1241 huc
457 1202 618 1252 inanes,
640 1202 675 1241 si
694 1208 824 1253 potes,
845 1202 974 1242 vertis
993 1202 1145 1252 minas,

263 1266 321 1306 Et
340 1278 408 1305 me
428 1278 713 1305 remorsurum
732 1266 839 1317 petis
850 1266 870 1305 ’.ἱ

207 1330 334 1382 Nam,
355 1330 495 1382 qualis
515 1336 592 1369 aut
612 1330 825 1369 Molossus
845 1336 921 1369 aut
939 1328 1088 1370 fulvus
1108 1329 1267 1381 Lacon,
1366 1330 1394 1370 5

263 1395 416 1435 Amica
436 1395 503 1434 vis
523 1395 771 1447 pastoribus,

205 1460 347 1513 Agam
366 1472 440 1512 per
459 1459 568 1499 altas
588 1472 690 1499 aure
711 1458 882 1499 sublata
901 1459 1034 1510 nives,

261 1526 563 1576 Quaecunque
582 1523 804 1577 praecedet
823 1523 934 1564 fera:

205 1590 291 1640 Tu,
313 1602 415 1629 cum
435 1588 624 1629 timenda
644 1602 748 1628 voce
767 1589 987 1642 complesti
1006 1601 1173 1642 nemus,

261 1655 499 1708 Projectum
518 1654 703 1694 odoraris
722 1654 879 1694 cibum.
1340 1654 1395 1695 10

205 1720 334 1770 Cave,
356 1732 485 1759 cave:
515 1731 703 1771 namque
723 1719 768 1759 in
788 1718 924 1759 malos
943 1719 1202 1772 asperrimus

261 1785 414 1824 Parata
434 1784 533 1824 tollo
552 1796 722 1835 cornua,

206 1850 363 1894 Qualis
382 1850 630 1903 Lycambae
650 1855 814 1902 spretus
834 1849 968 1890 infido
987 1862 1126 1903 gener,

262 1915 353 1954 Aut
372 1928 467 1955 acer
486 1915 619 1954 hostis
639 1914 818 1967 Bupalo.

210 1979 291 2030 An,
313 1980 348 2019 si
367 1980 463 2032 quis
483 1986 573 2020 atro
592 1979 717 2019 dente
737 1992 807 2019 me
825 1978 1028 2032 petiverit,
1341 1980 1393 2020 15

262 2044 432 2085 Inultus
452 2051 500 2085 ut
518 2044 628 2085 flebo
647 2043 782 2097 puer?

177 2170 250 2204 102.
273 2171 460 2212 Effugerint.
546 2174 584 2207 C.
599 2175 643 2206 vi.
658 2174 691 2206 2.
713 2173 875 2206 adversus.
961 2173 996 2211 3,
1008 2173 1040 2206 4.
1061 2179 1276 2214 verte—pete.

607 2227 638 2260 8.
660 2227 839 2267 praecedat.
