1650 2730
476 201 726 237 mmmm.
791 200 1004 234 amv,
1306 185 1405 232 108

262 308 362 350 Non
381 307 525 347 mortis
546 305 710 360 laqueis
740 302 941 356 expedies
958 308 1100 355 caput.

210 374 478 426 Campestres
497 370 650 410 melius
669 368 869 421 Scythae,

265 437 465 482 Quorum
484 435 674 488 plaustra
692 445 828 486 vagas
845 433 923 472 rite
942 431 1119 472 trahunt
1136 430 1295 480 domos,
1355 428 1409 469 10

211 501 375 542 Vivunt
393 506 435 540 et
452 498 578 552 rigidi
596 499 742 549 Getae,

267 566 495 606 Immetata
513 563 671 615 quibus
684 563 836 615 jugera
854 561 1008 602 liberas

210 630 378 682 Fruges
396 635 439 668 et
458 619 653 668 Cererem
671 626 822 677 ferunt,

269 693 358 734 Nec
377 692 546 732 cultura
563 691 704 744 placet
723 691 885 744 longior
903 702 1062 741 annua,

214 757 563 808 Defunctumque
584 756 797 796 laboribus
1359 751 1412 791 15

271 821 454 874 Aequali
473 828 631 860 recreat
647 827 757 860 sorte
776 819 974 860 vicarius.

215 886 309 927 Illic
329 893 463 926 matre
481 885 723 925 carentibus

272 950 483 1003 Privignis
502 949 655 990 mulier
673 955 878 1002 temperat
896 948 1100 988 innocens

218 1015 310 1055 Nec
329 1014 474 1054 dotata
492 1015 599 1067 regit
616 1014 757 1054 virum

276 1079 456 1131 Coniux,
478 1091 556 1118 nec
575 1078 708 1118 nitido
728 1078 823 1118 fidit
841 1077 1045 1117 adultero.
1358 1073 1418 1114 20

223 1143 315 1183 Dos
332 1149 396 1182 est
416 1155 575 1194 magna
594 1143 834 1194 parentium

278 1207 422 1246 Virtus
441 1213 484 1246 et
502 1213 697 1245 metuens
717 1206 889 1246 alterius
907 1205 989 1245 viri

224 1271 348 1311 Certo
368 1270 533 1310 foedere
550 1271 736 1323 castitas,

280 1335 340 1375 Et
358 1347 531 1388 peccare
549 1334 681 1385 nefas,
702 1340 779 1374 aut
796 1334 979 1387 pretium
996 1340 1062 1374 est
1078 1333 1198 1375 mori.

226 1399 266 1440 Ο
285 1400 480 1452 quisquis
499 1399 611 1438 volet
631 1399 786 1451 impias
1363 1397 1420 1438 25

282 1463 447 1503 Caedes
465 1470 506 1503 et
526 1463 686 1503 rabiem
705 1463 848 1503 tollere
867 1462 1060 1514 civicam,

228 1529 276 1570 Si
294 1535 467 1581 quaeret
486 1529 612 1568 Pater
631 1529 801 1569 urbium

282 1593 499 1634 Subscribi
519 1594 682 1644 statuis,
703 1593 954 1633 indomitam
972 1591 1131 1633 audeat

227 1657 455 1698 Refrenare
474 1657 700 1709 licentiam,

283 1722 437 1762 Clarus
456 1723 726 1776 postgenitis;
756 1722 1115 1775 quatenus—heu
1132 1720 1280 1763 nefas!
1367 1721 1424 1762 30

229 1787 437 1827 Virtutem
455 1780 714 1828 incolumem
731 1787 912 1839 odimus,

285 1851 509 1891 Sublatam
528 1865 584 1892 ex
603 1852 742 1892 oculis
761 1852 1010 1904 quaerimus
1026 1851 1175 1892 invidi.

231 1915 354 1959 Quid
373 1916 510 1956 tristes
529 1917 827 1968 querimoniae,

287 1979 335 2019 Si
353 1992 440 2020 non
459 1980 666 2033 supplicio
684 1980 813 2033 culpa
831 1979 1063 2020 reciditur'ss
1230 2021 1236 2028 ,

233 2042 355 2086 Quid
375 2043 488 2096 leges
508 2045 599 2084 sine
618 2045 806 2085 moribus
1370 2044 1427 2086 35

290 2106 437 2147 Vanae
457 2109 694 2160 proficiunt,
715 2110 751 2149 si
771 2121 911 2162 neque
929 2108 1103 2150 fervidis

235 2169 339 2208 Pars
358 2170 524 2212 inclusa
541 2173 751 2214 caloribus

294 2232 447 2274 Mundi
466 2247 543 2275 nec
562 2237 719 2278 Boreae
738 2238 971 2278 finitimum
989 2237 1105 2278 latus

237 2295 511 2350 Durataeque
530 2300 618 2340 solo
636 2302 757 2342 nives

293 2360 568 2404 Mercatorem
585 2365 774 2418 abigunt,
793 2366 963 2407 horrida
980 2365 1125 2406 callidi
1369 2364 1429 2406 40

348 2468 388 2500 C.
404 2471 490 2502 xxiv.
504 2470 559 2504 24.
580 2475 716 2512 pretinm
729 2476 819 2506 mori.
991 2474 1046 2506 30.
1068 2473 1181 2506 Cana.
