1650 2730
168 175 232 222 54

715 186 981 220 GARMINUM

378 291 560 346 Saepius
579 291 719 332 ventis
739 291 926 344 agitatur
944 291 1096 345 ingens

378 358 526 410 Pinus,
548 363 591 398 et
609 357 749 397 celsae
771 357 962 409 graviore
982 369 1090 397 casu
1469 355 1524 397 10

380 423 599 465 Decidunt
618 429 763 474 turres,
785 422 1027 475 feriuntque
1048 433 1241 463 summos

493 488 688 542 Fulgura
708 494 886 528 montes,

383 618 534 672 Sperat
553 616 729 668 infestis,
750 617 902 658 metuit
922 616 1122 658 secundis

383 683 575 725 Alteram
595 689 750 723 sortem
770 683 876 722 bene
897 689 1201 736 praeparatum.

383 748 552 789 Pectus.
611 747 819 788 Informes
839 748 1002 788 hiemes
1022 747 1187 788 reducit
1469 744 1522 787 16

495 814 660 868 Jupiter
676 827 685 866 ;
717 813 832 854 idem

385 945 655 986 Summovet.
714 944 823 996 Non,
846 944 882 984 si
902 943 1014 984 male
1033 955 1163 995 nunc,
1184 948 1227 983 et
1245 942 1350 984 olim

386 1010 459 1051 Sic
480 1011 557 1050 erit
574 1024 582 1050 :
613 1010 835 1063 quondam
854 1010 1018 1050 cithara
1038 1015 1251 1049 tacentem

388 1075 579 1116 Suscitat
598 1075 774 1115 Musam
794 1087 934 1127 neque
954 1087 1119 1128 semper
1138 1085 1289 1114 arcum

499 1140 662 1181 Tendit
681 1140 844 1194 Apollo.
1469 1136 1527 1178 20
1576 1124 1594 1139 ³

386 1270 533 1311 Rebus
553 1271 750 1324 angustis
771 1271 991 1311 animosus
1012 1275 1141 1323 atque

390 1336 530 1376 Fortis
550 1349 729 1389 appare:
762 1337 972 1389 sapienter
991 1336 1106 1376 idem

389 1403 626 1444 Contrahes
646 1408 774 1442 vento
794 1402 978 1442 nimium
998 1399 1187 1441 secundo

503 1467 701 1521 Turgida
720 1466 828 1506 vela.

680 1839 919 1880 GARMEN
954 1838 1028 1878 XI.

416 1971 491 1999 AD
534 1970 901 2001 QUINCTIUM
946 1968 1296 1998 HIRPINUM.

403 2087 526 2134 Quid
544 2087 772 2128 bellicosus
794 2087 1007 2127 Cantaber
1026 2091 1068 2125 et
1087 2085 1283 2138 Scythes,

404 2153 582 2207 Hirpine
602 2153 794 2203 Quincti,
816 2152 971 2204 cogitet
990 2150 1155 2191 Hadria

461 2219 640 2261 Divisus
660 2219 831 2272 objecto,
854 2217 1042 2257 remittas

517 2285 749 2334 Quaerere,
770 2295 850 2323 nec
870 2281 1051 2334 trepides
1071 2281 1116 2321 in
1136 2293 1268 2322 usum

306 2418 345 2452 G.
360 2428 393 2451 x.
409 2418 441 2451 9.
465 2416 610 2450 Saevius.
722 2414 772 2446 10.
796 2412 906 2450 Pinus,
920 2412 1076 2444 excelsae.
1189 2412 1240 2445 12.
1263 2412 1422 2446 Fulmina.

749 2467 798 2500 18.
823 2466 974 2498 citharae.
