1650 2730
497 184 708 219 LIBERI.
774 181 1023 216 o.xxxv1.

284 288 447 332 Incude
466 288 666 342 diffingas
686 292 877 328 retusum
896 285 942 326 in

342 355 608 408 Massagetas
628 353 881 405 Arabasque
900 349 1086 392 ferrum!

527 727 765 769 GARMEN
801 725 1001 765 XXXVI.

292 859 352 887 IN
394 857 667 886 EONOREM
709 857 906 885 PLOTII
950 855 1232 884 NUMIDAE.

233 975 294 1016 Et
312 975 435 1015 thure
454 980 496 1014 et
515 973 672 1014 fidibus
686 974 813 1027 juvat

288 1040 462 1080 Placare
481 1046 523 1079 et
541 1038 666 1078 vituli
687 1038 899 1091 sanguine
919 1036 1060 1077 debito

235 1103 444 1145 Custodes
465 1103 680 1143 Numidae
701 1103 813 1154 deos,

293 1169 384 1213 Qui
405 1181 521 1207 nune
541 1168 746 1219 Hesperia
765 1179 908 1219 sospes
928 1166 983 1206 ab
1002 1166 1167 1217 ultima,

239 1234 361 1274 Caris
380 1232 517 1272 multa
539 1232 767 1282 sodalibus,

293 1297 414 1339 Nulli
433 1297 555 1349 plura
575 1303 719 1336 tamen
738 1295 890 1336 dividit
908 1295 1066 1346 oscula,

237 1364 388 1408 Quam
408 1362 523 1402 dulci
543 1361 732 1412 Lamiae,
753 1373 914 1401 memor

292 1428 426 1468 Actae
446 1439 532 1467 non
553 1426 637 1466 alio
657 1439 753 1479 rege
772 1426 973 1479 puertiae,

239 1493 517 1544 Mutataeque
538 1491 666 1531 simul
685 1498 820 1544 togae.

294 1558 446 1598 Cressa
465 1570 520 1597 ne
540 1563 683 1597 careat
701 1556 881 1609 pulchra
901 1555 991 1595 dies
1011 1561 1124 1606 nota,

237 1623 336 1664 Neu
354 1629 572 1675 promptae
592 1621 746 1662 modus
766 1621 1007 1674 amphorae,

294 1688 391 1729 Neu
409 1700 570 1728 morem
589 1687 631 1727 in
654 1687 822 1728 Salium
842 1687 897 1727 sit
915 1685 1273 1739 requiespedum,

237 1752 479 1794 Neu.mmti
499 1752 694 1792 Damalis
714 1751 819 1792 meri

293 1818 477 1858 Bassum
497 1817 699 1857 Threicia
719 1817 865 1856 vincat
884 1815 1108 1869 amystide,

242 1881 339 1922 Neu
357 1881 498 1931 desint
517 1881 654 1933 epulis
674 1893 804 1931 rosae,

295 1946 393 1987 Neu
411 1947 544 1987 vivax
565 1946 724 1999 apium,
746 1957 834 1985 neu
851 1944 978 1984 breve
997 1943 1150 1984 lilium.

242 2010 403 2051 Omnes
422 2011 468 2051 in
487 2011 692 2051 Damalin
712 2017 855 2064 putres

298 2075 521 2128 Deponent
540 2075 697 2125 oculos,
719 2088 799 2116 nee
820 2073 1017 2115 Damalis
1036 2085 1150 2114 novo

242 2138 477 2180 Divelletur
496 2140 696 2191 adultero,

300 2203 493 2246 Lascivis
514 2205 681 2245 hederis
701 2203 970 2245 ambitiosior.

275 2330 330 2363 39.
353 2330 519 2373 defingas3
539 2343 696 2366 recumm.
827 2333 865 2365 C.
881 2333 989 2365 xxxvi.
1009 2331 1058 2364 13.
1081 2331 1155 2363 Nec
1169 2329 1270 2362 multi.

1364 169 1429 216 39

1374 347 1432 390 40

1382 1553 1437 1594 10

1383 1878 1437 1918 15

1382 2201 1439 2240 20
