<?xml version="1.0" encoding="UTF-8"?>
<!DOCTYPE html PUBLIC "-//W3C//DTD XHTML 1.0 Transitional//EN"
    "http://www.w3.org/TR/xhtml1/DTD/xhtml1-transitional.dtd">
<html xmlns="http://www.w3.org/1999/xhtml" xml:lang="en" lang="en">
 <head>
  <title>
</title>
<meta http-equiv="Content-Type" content="text/html;charset=utf-8" />
  <meta name='ocr-system' content='tesseract 3.04.00' />
  <meta name='ocr-capabilities' content='ocr_page ocr_carea ocr_par ocr_line ocrx_word'/>
</head>
<body>
  <div class='ocr_page' id='page_1' title='image "./workswithenglis00horauoft_0290.png"; bbox 0 0 1612 2716; ppageno 0'>
   <div class='ocr_carea' id='block_1_1' title="bbox 161 170 1007 216">
    <p class='ocr_par' dir='ltr' id='par_1_1' title="bbox 161 170 1007 216">
     <span class='ocr_line' id='line_1_1' title="bbox 161 170 1007 216; baseline -0.001 -1"><span class='ocrx_word' id='word_1_1' title='bbox 161 170 258 216; x_wconf 81' lang='lat'><strong>246</strong></span> <span class='ocrx_word' id='word_1_2' title='bbox 666 181 1007 214; x_wconf 74' lang='lat' dir='ltr'><strong>EPISTOLABUM</strong></span> 
     </span>
    </p>
   </div>
   <div class='ocr_carea' id='block_1_2' title="bbox 641 371 1032 412">
    <p class='ocr_par' dir='ltr' id='par_1_2' title="bbox 641 371 1032 412">
     <span class='ocr_line' id='line_1_2' title="bbox 641 371 1032 412; baseline 0 -2"><span class='ocrx_word' id='word_1_3' title='bbox 641 371 927 412; x_wconf 81' lang='lat' dir='ltr'><strong>EPISTOLA</strong></span> <span class='ocrx_word' id='word_1_4' title='bbox 961 371 1032 410; x_wconf 81' lang='lat' dir='ltr'><strong>‘II.</strong></span> 
     </span>
    </p>
   </div>
   <div class='ocr_carea' id='block_1_3' title="bbox 619 513 1055 541">
    <p class='ocr_par' dir='ltr' id='par_1_3' title="bbox 619 513 1055 541">
     <span class='ocr_line' id='line_1_3' title="bbox 619 513 1055 541; baseline -0.002 -1"><span class='ocrx_word' id='word_1_5' title='bbox 619 513 696 540; x_wconf 80' lang='lat' dir='ltr'><strong>AD</strong></span> <span class='ocrx_word' id='word_1_6' title='bbox 737 513 1055 541; x_wconf 85' lang='lat' dir='ltr'><strong>LOLLIUM.</strong></span> 
     </span>
    </p>
   </div>
   <div class='ocr_carea' id='block_1_4' title="bbox 158 629 1519 2385">
    <p class='ocr_par' dir='ltr' id='par_1_4' title="bbox 158 629 1519 2385">
     <span class='ocr_line' id='line_1_4' title="bbox 218 629 1144 684; baseline -0.001 -14"><span class='ocrx_word' id='word_1_7' title='bbox 218 630 391 684; x_wconf 89' lang='lat' dir='ltr'><strong>Trojani</strong></span> <span class='ocrx_word' id='word_1_8' title='bbox 412 629 512 670; x_wconf 86' lang='lat' dir='ltr'><strong>belli</strong></span> <span class='ocrx_word' id='word_1_9' title='bbox 533 629 788 682; x_wconf 84' lang='lat' dir='ltr'>scriptorem,</span> <span class='ocrx_word' id='word_1_10' title='bbox 811 630 1000 669; x_wconf 85' lang='lat' dir='ltr'><strong>maxime</strong></span> <span class='ocrx_word' id='word_1_11' title='bbox 1020 629 1144 681; x_wconf 93' lang='lat' dir='ltr'><strong>Lolli,</strong></span> 
     </span>
     <span class='ocr_line' id='line_1_5' title="bbox 161 695 1207 749; baseline -0.002 -12"><span class='ocrx_word' id='word_1_12' title='bbox 161 697 277 737; x_wconf 87' lang='lat' dir='ltr'><strong>Dum</strong></span> <span class='ocrx_word' id='word_1_13' title='bbox 299 703 347 736; x_wconf 89' lang='lat' dir='ltr'><strong>tu</strong></span> <span class='ocrx_word' id='word_1_14' title='bbox 368 695 587 736; x_wconf 83' lang='lat' dir='ltr'><strong>declamas</strong></span> <span class='ocrx_word' id='word_1_15' title='bbox 608 696 783 746; x_wconf 87' lang='lat' dir='ltr'><strong>Romae,</strong></span> <span class='ocrx_word' id='word_1_16' title='bbox 807 696 1033 735; x_wconf 85' lang='lat' dir='ltr'><strong>Praeneste</strong></span> <span class='ocrx_word' id='word_1_17' title='bbox 1054 695 1207 749; x_wconf 86' lang='lat' dir='ltr'><strong>relegi:</strong></span> 
     </span>
     <span class='ocr_line' id='line_1_6' title="bbox 159 759 1514 814; baseline -0.001 -13"><span class='ocrx_word' id='word_1_18' title='bbox 159 762 263 811; x_wconf 79' lang='lat' dir='ltr'><strong>Qui,</strong></span> <span class='ocrx_word' id='word_1_19' title='bbox 285 761 389 814; x_wconf 88' lang='lat' dir='ltr'><strong>quid</strong></span> <span class='ocrx_word' id='word_1_20' title='bbox 412 761 466 800; x_wconf 88' lang='lat' dir='ltr'><strong>sit</strong></span> <span class='ocrx_word' id='word_1_21' title='bbox 486 761 726 814; x_wconf 89' lang='lat' dir='ltr'><strong>pulchrum,</strong></span> <span class='ocrx_word' id='word_1_22' title='bbox 748 760 853 813; x_wconf 90' lang='lat' dir='ltr'><strong>quid</strong></span> <span class='ocrx_word' id='word_1_23' title='bbox 874 768 1005 813; x_wconf 83' lang='lat' dir='ltr'><strong>turpe,</strong></span> <span class='ocrx_word' id='word_1_24' title='bbox 1028 760 1134 813; x_wconf 89' lang='lat' dir='ltr'><strong>quid</strong></span> <span class='ocrx_word' id='word_1_25' title='bbox 1156 760 1270 811; x_wconf 90' lang='lat' dir='ltr'><strong>utile,</strong></span> <span class='ocrx_word' id='word_1_26' title='bbox 1286 759 1394 814; x_wconf 91' lang='lat' dir='ltr'><strong>quid</strong></span> <span class='ocrx_word' id='word_1_27' title='bbox 1413 772 1514 812; x_wconf 89' lang='lat' dir='ltr'><strong>non,</strong></span> 
     </span>
     <span class='ocr_line' id='line_1_7' title="bbox 159 826 1274 880; baseline -0.001 -13"><span class='ocrx_word' id='word_1_28' title='bbox 159 827 339 868; x_wconf 91' lang='lat' dir='ltr'><strong>Planius</strong></span> <span class='ocrx_word' id='word_1_29' title='bbox 361 840 411 866; x_wconf 91' lang='lat' dir='ltr'><strong>ac</strong></span> <span class='ocrx_word' id='word_1_30' title='bbox 433 826 587 866; x_wconf 89' lang='lat' dir='ltr'><strong>melius</strong></span> <span class='ocrx_word' id='word_1_31' title='bbox 609 827 850 880; x_wconf 88' lang='lat' dir='ltr'><strong>Chrysippo</strong></span> <span class='ocrx_word' id='word_1_32' title='bbox 870 834 912 866; x_wconf 88' lang='lat' dir='ltr'><strong>et</strong></span> <span class='ocrx_word' id='word_1_33' title='bbox 933 826 1139 867; x_wconf 85' lang='lat' dir='ltr'><strong>Crantore</strong></span> <span class='ocrx_word' id='word_1_34' title='bbox 1159 826 1274 867; x_wconf 91' lang='lat' dir='ltr'><strong>dicit.</strong></span> 
     </span>
     <span class='ocr_line' id='line_1_8' title="bbox 158 891 1516 944; baseline 0.001 -13"><span class='ocrx_word' id='word_1_35' title='bbox 158 892 248 932; x_wconf 91' lang='lat' dir='ltr'><strong>Cur</strong></span> <span class='ocrx_word' id='word_1_36' title='bbox 268 893 328 932; x_wconf 86' lang='lat' dir='ltr'><strong>ita</strong></span> <span class='ocrx_word' id='word_1_37' title='bbox 346 891 608 943; x_wconf 89' lang='lat' dir='ltr'><strong>crediderim,</strong></span> <span class='ocrx_word' id='word_1_38' title='bbox 630 892 712 932; x_wconf 90' lang='lat' dir='ltr'><strong>nisi</strong></span> <span class='ocrx_word' id='word_1_39' title='bbox 733 891 840 944; x_wconf 92' lang='lat' dir='ltr'><strong>quid</strong></span> <span class='ocrx_word' id='word_1_40' title='bbox 861 899 900 932; x_wconf 92' lang='lat' dir='ltr'><strong>te</strong></span> <span class='ocrx_word' id='word_1_41' title='bbox 921 891 1092 943; x_wconf 86' lang='lat' dir='ltr'><strong>detinet,</strong></span> <span class='ocrx_word' id='word_1_42' title='bbox 1115 891 1231 932; x_wconf 86' lang='lat' dir='ltr'><strong>audi.</strong></span> <span class='ocrx_word' id='word_1_43' title='bbox 1487 892 1516 933; x_wconf 83' lang='lat'><strong>5</strong></span> 
     </span>
     <span class='ocr_line' id='line_1_9' title="bbox 160 957 1250 1011; baseline 0.001 -14"><span class='ocrx_word' id='word_1_44' title='bbox 160 957 340 1008; x_wconf 84' lang='lat' dir='ltr'><strong>Fabula,</strong></span> <span class='ocrx_word' id='word_1_45' title='bbox 362 971 448 1010; x_wconf 91' lang='lat' dir='ltr'><strong>qua</strong></span> <span class='ocrx_word' id='word_1_46' title='bbox 470 957 636 998; x_wconf 86' lang='lat' dir='ltr'><strong>Paridis</strong></span> <span class='ocrx_word' id='word_1_47' title='bbox 655 964 822 1011; x_wconf 88' lang='lat' dir='ltr'><strong>propter</strong></span> <span class='ocrx_word' id='word_1_48' title='bbox 841 965 1037 998; x_wconf 86' lang='lat' dir='ltr'><strong>narratur</strong></span> <span class='ocrx_word' id='word_1_49' title='bbox 1058 970 1250 999; x_wconf 91' lang='lat' dir='ltr'><strong>amorem</strong></span> 
     </span>
     <span class='ocr_line' id='line_1_10' title="bbox 160 1023 1062 1074; baseline 0.001 -12"><span class='ocrx_word' id='word_1_50' title='bbox 160 1023 340 1063; x_wconf 81' lang='lat' dir='ltr'><strong>Graecia</strong></span> <span class='ocrx_word' id='word_1_51' title='bbox 360 1023 580 1063; x_wconf 86' lang='lat' dir='ltr'><strong>barbariae</strong></span> <span class='ocrx_word' id='word_1_52' title='bbox 602 1023 717 1063; x_wconf 89' lang='lat' dir='ltr'><strong>lento</strong></span> <span class='ocrx_word' id='word_1_53' title='bbox 737 1023 887 1063; x_wconf 93' lang='lat' dir='ltr'><strong>collisa</strong></span> <span class='ocrx_word' id='word_1_54' title='bbox 907 1023 1062 1074; x_wconf 84' lang='lat' dir='ltr'><strong>duello,</strong></span> 
     </span>
     <span class='ocr_line' id='line_1_11' title="bbox 159 1088 1289 1141; baseline 0 -13"><span class='ocrx_word' id='word_1_55' title='bbox 159 1088 396 1129; x_wconf 87' lang='lat' dir='ltr'><strong>Stultorum</strong></span> <span class='ocrx_word' id='word_1_56' title='bbox 416 1101 567 1140; x_wconf 88' lang='lat' dir='ltr'><strong>regum</strong></span> <span class='ocrx_word' id='word_1_57' title='bbox 587 1094 629 1127; x_wconf 91' lang='lat' dir='ltr'><strong>et</strong></span> <span class='ocrx_word' id='word_1_58' title='bbox 649 1088 904 1141; x_wconf 88' lang='lat' dir='ltr'><strong>populorum</strong></span> <span class='ocrx_word' id='word_1_59' title='bbox 923 1089 1112 1128; x_wconf 90' lang='lat' dir='ltr'><strong>continet</strong></span> <span class='ocrx_word' id='word_1_60' title='bbox 1131 1093 1289 1128; x_wconf 90' lang='lat' dir='ltr'><strong>aestus.</strong></span> 
     </span>
     <span class='ocr_line' id='line_1_12' title="bbox 160 1153 1123 1206; baseline 0.001 -14"><span class='ocrx_word' id='word_1_61' title='bbox 160 1154 351 1193; x_wconf 89' lang='lat' dir='ltr'><strong>Antenor</strong></span> <span class='ocrx_word' id='word_1_62' title='bbox 371 1160 515 1193; x_wconf 89' lang='lat' dir='ltr'><strong>censet</strong></span> <span class='ocrx_word' id='word_1_63' title='bbox 535 1153 635 1193; x_wconf 90' lang='lat' dir='ltr'><strong>belli</strong></span> <span class='ocrx_word' id='word_1_64' title='bbox 655 1153 896 1206; x_wconf 84' lang='lat' dir='ltr'><strong>praecidere</strong></span> <span class='ocrx_word' id='word_1_65' title='bbox 916 1167 1123 1194; x_wconf 89' lang='lat' dir='ltr'><strong>causam:</strong></span> 
     </span>
     <span class='ocr_line' id='line_1_13' title="bbox 159 1218 1516 1272; baseline 0.001 -14"><span class='ocrx_word' id='word_1_66' title='bbox 159 1219 281 1263; x_wconf 80' lang='lat' dir='ltr'><strong>Quid</strong></span> <span class='ocrx_word' id='word_1_67' title='bbox 303 1219 456 1259; x_wconf 80' lang='lat' dir='ltr'><strong>Paris&#39;.z</strong></span> <span class='ocrx_word' id='word_1_68' title='bbox 516 1219 575 1260; x_wconf 91' lang='lat' dir='ltr'><strong>Ut</strong></span> <span class='ocrx_word' id='word_1_69' title='bbox 596 1219 744 1259; x_wconf 87' lang='lat' dir='ltr'><strong>salvus</strong></span> <span class='ocrx_word' id='word_1_70' title='bbox 767 1226 913 1272; x_wconf 86' lang='lat' dir='ltr'><strong>regnet</strong></span> <span class='ocrx_word' id='word_1_71' title='bbox 933 1220 1138 1272; x_wconf 86' lang='lat' dir='ltr'><strong>vivatque</strong></span> <span class='ocrx_word' id='word_1_72' title='bbox 1158 1219 1325 1271; x_wconf 86' lang='lat' dir='ltr'><strong>beatus,</strong></span> <span class='ocrx_word' id='word_1_73' title='bbox 1462 1218 1516 1259; x_wconf 92' lang='grc'><strong>10</strong></span> 
     </span>
     <span class='ocr_line' id='line_1_14' title="bbox 161 1285 1170 1338; baseline 0.002 -15"><span class='ocrx_word' id='word_1_74' title='bbox 161 1285 266 1337; x_wconf 87' lang='lat' dir='ltr'><strong>Cogi</strong></span> <span class='ocrx_word' id='word_1_75' title='bbox 287 1297 410 1337; x_wconf 90' lang='lat' dir='ltr'><strong>posse</strong></span> <span class='ocrx_word' id='word_1_76' title='bbox 431 1291 571 1337; x_wconf 84' lang='lat' dir='ltr'><strong>negat.</strong></span> <span class='ocrx_word' id='word_1_77' title='bbox 631 1285 785 1326; x_wconf 88' lang='lat' dir='ltr'><strong>Nestor</strong></span> <span class='ocrx_word' id='word_1_78' title='bbox 804 1298 1054 1338; x_wconf 87' lang='lat' dir='ltr'><strong>componere</strong></span> <span class='ocrx_word' id='word_1_79' title='bbox 1076 1285 1170 1325; x_wconf 91' lang='lat' dir='ltr'><strong>lites</strong></span> 
     </span>
     <span class='ocr_line' id='line_1_15' title="bbox 160 1350 1077 1391; baseline 0 -1"><span class='ocrx_word' id='word_1_80' title='bbox 160 1350 275 1390; x_wconf 90' lang='lat' dir='ltr'><strong>Inter</strong></span> <span class='ocrx_word' id='word_1_81' title='bbox 295 1350 472 1390; x_wconf 90' lang='lat' dir='ltr'><strong>Peliden</strong></span> <span class='ocrx_word' id='word_1_82' title='bbox 493 1350 666 1390; x_wconf 85' lang='lat' dir='ltr'><strong>festinat</strong></span> <span class='ocrx_word' id='word_1_83' title='bbox 686 1357 727 1391; x_wconf 92' lang='lat' dir='ltr'><strong>et</strong></span> <span class='ocrx_word' id='word_1_84' title='bbox 748 1351 855 1391; x_wconf 89' lang='lat' dir='ltr'><strong>inter</strong></span> <span class='ocrx_word' id='word_1_85' title='bbox 874 1350 1077 1391; x_wconf 88' lang='lat' dir='ltr'><strong>Atriden:</strong></span> 
     </span>
     <span class='ocr_line' id='line_1_16' title="bbox 160 1416 1391 1469; baseline 0 -13"><span class='ocrx_word' id='word_1_86' title='bbox 160 1416 291 1456; x_wconf 89' lang='lat' dir='ltr'><strong>Hunc</strong></span> <span class='ocrx_word' id='word_1_87' title='bbox 313 1429 441 1467; x_wconf 90' lang='lat' dir='ltr'><strong>amor,</strong></span> <span class='ocrx_word' id='word_1_88' title='bbox 465 1417 526 1456; x_wconf 88' lang='lat' dir='ltr'><strong>ira</strong></span> <span class='ocrx_word' id='word_1_89' title='bbox 546 1416 721 1469; x_wconf 89' lang='lat' dir='ltr'><strong>quidem</strong></span> <span class='ocrx_word' id='word_1_90' title='bbox 742 1416 1026 1456; x_wconf 87' lang='lat' dir='ltr'><strong>communiter</strong></span> <span class='ocrx_word' id='word_1_91' title='bbox 1045 1417 1128 1456; x_wconf 90' lang='lat' dir='ltr'><strong>urit</strong></span> <span class='ocrx_word' id='word_1_92' title='bbox 1148 1421 1391 1468; x_wconf 89' lang='lat' dir='ltr'><strong>utrumque.</strong></span> 
     </span>
     <span class='ocr_line' id='line_1_17' title="bbox 160 1481 1198 1536; baseline 0 -14"><span class='ocrx_word' id='word_1_93' title='bbox 160 1481 389 1534; x_wconf 77' lang='lat' dir='ltr'><strong>Quidquid</strong></span> <span class='ocrx_word' id='word_1_94' title='bbox 411 1482 593 1522; x_wconf 90' lang='lat' dir='ltr'><strong>delirant</strong></span> <span class='ocrx_word' id='word_1_95' title='bbox 613 1495 751 1536; x_wconf 66' lang='lat' dir='ltr'><strong>reges,</strong></span> <span class='ocrx_word' id='word_1_96' title='bbox 765 1482 1010 1535; x_wconf 91' lang='lat' dir='ltr'><strong>plectuntur</strong></span> <span class='ocrx_word' id='word_1_97' title='bbox 1030 1482 1198 1522; x_wconf 89' lang='lat' dir='ltr'><strong>Achivi.</strong></span> 
     </span>
     <span class='ocr_line' id='line_1_18' title="bbox 160 1547 1516 1601; baseline 0 -13"><span class='ocrx_word' id='word_1_98' title='bbox 160 1547 388 1599; x_wconf 89' lang='lat' dir='ltr'><strong>Seditione,</strong></span> <span class='ocrx_word' id='word_1_99' title='bbox 411 1547 529 1599; x_wconf 91' lang='lat' dir='ltr'><strong>dolis,</strong></span> <span class='ocrx_word' id='word_1_100' title='bbox 552 1548 707 1588; x_wconf 90' lang='lat' dir='ltr'><strong>scelere</strong></span> <span class='ocrx_word' id='word_1_101' title='bbox 729 1555 858 1601; x_wconf 80' lang='lat' dir='ltr'><strong>atque</strong></span> <span class='ocrx_word' id='word_1_102' title='bbox 879 1547 1055 1588; x_wconf 91' lang='lat' dir='ltr'><strong>libidine</strong></span> <span class='ocrx_word' id='word_1_103' title='bbox 1075 1555 1117 1589; x_wconf 91' lang='lat' dir='ltr'><strong>et</strong></span> <span class='ocrx_word' id='word_1_104' title='bbox 1136 1549 1199 1592; x_wconf 80' lang='lat' dir='ltr'><strong>ira</strong></span> <span class='ocrx_word' id='word_1_105' title='bbox 1463 1547 1516 1588; x_wconf 85' lang='lat'><strong>15</strong></span> 
     </span>
     <span class='ocr_line' id='line_1_19' title="bbox 161 1613 1046 1667; baseline 0.001 -14"><span class='ocrx_word' id='word_1_106' title='bbox 161 1613 314 1653; x_wconf 88' lang='lat' dir='ltr'><strong>Iliacos</strong></span> <span class='ocrx_word' id='word_1_107' title='bbox 335 1614 445 1653; x_wconf 90' lang='lat' dir='ltr'><strong>intra</strong></span> <span class='ocrx_word' id='word_1_108' title='bbox 466 1627 612 1653; x_wconf 90' lang='lat' dir='ltr'><strong>muros</strong></span> <span class='ocrx_word' id='word_1_109' title='bbox 632 1621 833 1667; x_wconf 89' lang='lat' dir='ltr'><strong>peccatur</strong></span> <span class='ocrx_word' id='word_1_110' title='bbox 853 1621 894 1654; x_wconf 89' lang='lat' dir='ltr'><strong>et</strong></span> <span class='ocrx_word' id='word_1_111' title='bbox 914 1621 1046 1654; x_wconf 86' lang='lat' dir='ltr'><strong>extra.</strong></span> 
     </span>
     <span class='ocr_line' id='line_1_20' title="bbox 160 1677 1204 1731; baseline 0 -13"><span class='ocrx_word' id='word_1_112' title='bbox 160 1677 339 1729; x_wconf 87' lang='lat' dir='ltr'><strong>Rursus,</strong></span> <span class='ocrx_word' id='word_1_113' title='bbox 363 1679 468 1731; x_wconf 89' lang='lat' dir='ltr'><strong>quid</strong></span> <span class='ocrx_word' id='word_1_114' title='bbox 490 1679 624 1718; x_wconf 88' lang='lat' dir='ltr'><strong>virtus</strong></span> <span class='ocrx_word' id='word_1_115' title='bbox 644 1686 686 1718; x_wconf 93' lang='lat' dir='ltr'><strong>et</strong></span> <span class='ocrx_word' id='word_1_116' title='bbox 705 1679 811 1731; x_wconf 88' lang='lat' dir='ltr'><strong>quid</strong></span> <span class='ocrx_word' id='word_1_117' title='bbox 833 1679 1042 1731; x_wconf 90' lang='lat' dir='ltr'><strong>sapientia</strong></span> <span class='ocrx_word' id='word_1_118' title='bbox 1061 1678 1204 1731; x_wconf 85' lang='lat' dir='ltr'><strong>possit,</strong></span> 
     </span>
     <span class='ocr_line' id='line_1_21' title="bbox 159 1743 1088 1796; baseline -0.001 -13"><span class='ocrx_word' id='word_1_119' title='bbox 159 1743 274 1784; x_wconf 87' lang='lat' dir='ltr'><strong>Utile</strong></span> <span class='ocrx_word' id='word_1_120' title='bbox 295 1744 514 1796; x_wconf 90' lang='lat' dir='ltr'><strong>proposuit</strong></span> <span class='ocrx_word' id='word_1_121' title='bbox 533 1743 656 1782; x_wconf 92' lang='lat' dir='ltr'><strong>nobis</strong></span> <span class='ocrx_word' id='word_1_122' title='bbox 677 1743 897 1795; x_wconf 90' lang='lat' dir='ltr'><strong>exemplar</strong></span> <span class='ocrx_word' id='word_1_123' title='bbox 919 1743 1088 1793; x_wconf 88' lang='lat' dir='ltr'><strong>Ulixen,</strong></span> 
     </span>
     <span class='ocr_line' id='line_1_22' title="bbox 161 1795 1269 1861; baseline -0.001 -13"><span class='ocrx_word' id='word_1_124' title='bbox 161 1808 253 1853; x_wconf 79' lang='lat' dir='ltr'><strong>Qui</strong></span> <span class='ocrx_word' id='word_1_125' title='bbox 274 1807 455 1847; x_wconf 91' lang='lat' dir='ltr'><strong>domitor</strong></span> <span class='ocrx_word' id='word_1_126' title='bbox 474 1807 642 1861; x_wconf 86' lang='lat' dir='ltr'><strong>Trojae,</strong></span> <span class='ocrx_word' id='word_1_127' title='bbox 664 1795 899 1847; x_wconf 88' lang='lat' dir='ltr'><strong>multorum</strong></span> <span class='ocrx_word' id='word_1_128' title='bbox 919 1806 1122 1859; x_wconf 86' lang='lat' dir='ltr'><strong>providus</strong></span> <span class='ocrx_word' id='word_1_129' title='bbox 1143 1807 1269 1848; x_wconf 88' lang='lat' dir='ltr'><strong>urbes</strong></span> 
     </span>
     <span class='ocr_line' id='line_1_23' title="bbox 161 1871 1519 1926; baseline 0 -12"><span class='ocrx_word' id='word_1_130' title='bbox 161 1874 220 1915; x_wconf 90' lang='lat' dir='ltr'><strong>Et</strong></span> <span class='ocrx_word' id='word_1_131' title='bbox 239 1887 375 1914; x_wconf 89' lang='lat' dir='ltr'><strong>mores</strong></span> <span class='ocrx_word' id='word_1_132' title='bbox 397 1873 623 1913; x_wconf 91' lang='lat' dir='ltr'><strong>hominum</strong></span> <span class='ocrx_word' id='word_1_133' title='bbox 636 1872 840 1925; x_wconf 72' lang='lat' dir='ltr'><strong>inspexit,</strong></span> <span class='ocrx_word' id='word_1_134' title='bbox 863 1872 1086 1924; x_wconf 83' lang='lat' dir='ltr'><strong>latumque</strong></span> <span class='ocrx_word' id='word_1_135' title='bbox 1107 1885 1180 1925; x_wconf 90' lang='lat' dir='ltr'><strong>per</strong></span> <span class='ocrx_word' id='word_1_136' title='bbox 1199 1885 1368 1926; x_wconf 84' lang='lat' dir='ltr'><strong>aequor,</strong></span> <span class='ocrx_word' id='word_1_137' title='bbox 1460 1871 1519 1914; x_wconf 76' lang='grc'><strong>20</strong></span> 
     </span>
     <span class='ocr_line' id='line_1_24' title="bbox 162 1937 1349 1990; baseline 0 -11"><span class='ocrx_word' id='word_1_138' title='bbox 162 1940 281 1980; x_wconf 90' lang='lat' dir='ltr'><strong>Dum</strong></span> <span class='ocrx_word' id='word_1_139' title='bbox 302 1939 392 1989; x_wconf 86' lang='lat' dir='ltr'><strong>sibi,</strong></span> <span class='ocrx_word' id='word_1_140' title='bbox 415 1938 522 1978; x_wconf 89' lang='lat' dir='ltr'><strong>dum</strong></span> <span class='ocrx_word' id='word_1_141' title='bbox 542 1938 666 1978; x_wconf 92' lang='lat' dir='ltr'><strong>sociis</strong></span> <span class='ocrx_word' id='word_1_142' title='bbox 687 1937 871 1977; x_wconf 90' lang='lat' dir='ltr'><strong>reditum</strong></span> <span class='ocrx_word' id='word_1_143' title='bbox 891 1944 1022 1990; x_wconf 88' lang='lat' dir='ltr'><strong>parat,</strong></span> <span class='ocrx_word' id='word_1_144' title='bbox 1045 1951 1195 1990; x_wconf 88' lang='lat' dir='ltr'><strong>aspera</strong></span> <span class='ocrx_word' id='word_1_145' title='bbox 1215 1938 1349 1979; x_wconf 84' lang='lat' dir='ltr'><strong>multa</strong></span> 
     </span>
     <span class='ocr_line' id='line_1_25' title="bbox 161 2003 1204 2055; baseline -0.003 -10"><span class='ocrx_word' id='word_1_146' title='bbox 161 2004 350 2055; x_wconf 87' lang='lat' dir='ltr'><strong>Pertulit,</strong></span> <span class='ocrx_word' id='word_1_147' title='bbox 372 2004 563 2044; x_wconf 85' lang='lat' dir='ltr'><strong>adversis</strong></span> <span class='ocrx_word' id='word_1_148' title='bbox 584 2016 724 2044; x_wconf 91' lang='lat' dir='ltr'><strong>rerum</strong></span> <span class='ocrx_word' id='word_1_149' title='bbox 745 2003 1042 2043; x_wconf 89' lang='lat' dir='ltr'><strong>immersabilis</strong></span> <span class='ocrx_word' id='word_1_150' title='bbox 1063 2003 1204 2043; x_wconf 90' lang='lat' dir='ltr'><strong>undis.</strong></span> 
     </span>
     <span class='ocr_line' id='line_1_26' title="bbox 162 2069 1071 2122; baseline -0.004 -11"><span class='ocrx_word' id='word_1_151' title='bbox 162 2071 362 2112; x_wconf 87' lang='lat' dir='ltr'><strong>Sirenum</strong></span> <span class='ocrx_word' id='word_1_152' title='bbox 382 2083 509 2110; x_wconf 85' lang='lat' dir='ltr'><strong>voces</strong></span> <span class='ocrx_word' id='word_1_153' title='bbox 529 2076 571 2110; x_wconf 89' lang='lat' dir='ltr'><strong>et</strong></span> <span class='ocrx_word' id='word_1_154' title='bbox 591 2069 740 2110; x_wconf 84' lang='lat' dir='ltr'><strong>Circae</strong></span> <span class='ocrx_word' id='word_1_155' title='bbox 760 2069 914 2122; x_wconf 90' lang='lat' dir='ltr'><strong>pocula</strong></span> <span class='ocrx_word' id='word_1_156' title='bbox 935 2069 1071 2121; x_wconf 82' lang='lat' dir='ltr'><strong>nosti3</strong></span> 
     </span>
     <span class='ocr_line' id='line_1_27' title="bbox 162 2134 1285 2187; baseline -0.001 -12"><span class='ocrx_word' id='word_1_157' title='bbox 162 2137 291 2181; x_wconf 74' lang='lat' dir='ltr'><strong>Quae</strong></span> <span class='ocrx_word' id='word_1_158' title='bbox 313 2149 347 2175; x_wconf 88' lang='lat' dir='ltr'><strong>Sl</strong></span> <span class='ocrx_word' id='word_1_159' title='bbox 368 2149 470 2175; x_wconf 90' lang='lat' dir='ltr'><strong>cum</strong></span> <span class='ocrx_word' id='word_1_160' title='bbox 490 2135 614 2176; x_wconf 92' lang='lat' dir='ltr'><strong>sociis</strong></span> <span class='ocrx_word' id='word_1_161' title='bbox 635 2134 792 2175; x_wconf 89' lang='lat' dir='ltr'><strong>stultus</strong></span> <span class='ocrx_word' id='word_1_162' title='bbox 811 2134 1081 2187; x_wconf 91' lang='lat' dir='ltr'><strong>cupidusque</strong></span> <span class='ocrx_word' id='word_1_163' title='bbox 1102 2134 1285 2187; x_wconf 87' lang='lat' dir='ltr'><strong>bibisset,</strong></span> 
     </span>
     <span class='ocr_line' id='line_1_28' title="bbox 161 2199 1518 2253; baseline 0.001 -12"><span class='ocrx_word' id='word_1_164' title='bbox 161 2201 255 2242; x_wconf 86' lang='lat' dir='ltr'><strong>Sub</strong></span> <span class='ocrx_word' id='word_1_165' title='bbox 275 2201 449 2241; x_wconf 89' lang='lat' dir='ltr'><strong>domina</strong></span> <span class='ocrx_word' id='word_1_166' title='bbox 470 2201 686 2241; x_wconf 88' lang='lat' dir='ltr'><strong>meretrice</strong></span> <span class='ocrx_word' id='word_1_167' title='bbox 706 2199 856 2240; x_wconf 89' lang='lat' dir='ltr'><strong>fuisset</strong></span> <span class='ocrx_word' id='word_1_168' title='bbox 876 2200 1009 2253; x_wconf 88' lang='lat' dir='ltr'><strong>turpis</strong></span> <span class='ocrx_word' id='word_1_169' title='bbox 1031 2206 1073 2240; x_wconf 88' lang='lat' dir='ltr'><strong>et</strong></span> <span class='ocrx_word' id='word_1_170' title='bbox 1093 2213 1252 2252; x_wconf 90' lang='lat' dir='ltr'><strong>excors,</strong></span> <span class='ocrx_word' id='word_1_171' title='bbox 1460 2200 1518 2242; x_wconf 80' lang='lat'><strong>25</strong></span> 
     </span>
     <span class='ocr_line' id='line_1_29' title="bbox 163 2264 1232 2307; baseline -0.001 -1"><span class='ocrx_word' id='word_1_172' title='bbox 163 2266 350 2307; x_wconf 86' lang='lat' dir='ltr'><strong>Vixisset</strong></span> <span class='ocrx_word' id='word_1_173' title='bbox 370 2267 491 2306; x_wconf 89' lang='lat' dir='ltr'><strong>canis</strong></span> <span class='ocrx_word' id='word_1_174' title='bbox 511 2265 762 2306; x_wconf 86' lang='lat' dir='ltr'><strong>immundus</strong></span> <span class='ocrx_word' id='word_1_175' title='bbox 783 2265 852 2304; x_wconf 89' lang='lat' dir='ltr'><strong>vel</strong></span> <span class='ocrx_word' id='word_1_176' title='bbox 875 2266 1015 2306; x_wconf 87' lang='lat' dir='ltr'><strong>amica</strong></span> <span class='ocrx_word' id='word_1_177' title='bbox 1036 2264 1126 2306; x_wconf 86' lang='lat' dir='ltr'><strong>luto</strong></span> <span class='ocrx_word' id='word_1_178' title='bbox 1147 2278 1232 2306; x_wconf 79' lang='lat' dir='ltr'><strong>sus‚</strong></span> 
     </span>
     <span class='ocr_line' id='line_1_30' title="bbox 162 2330 1286 2385; baseline -0.002 -12"><span class='ocrx_word' id='word_1_179' title='bbox 162 2331 252 2374; x_wconf 90' lang='lat' dir='ltr'><strong>Nos</strong></span> <span class='ocrx_word' id='word_1_180' title='bbox 272 2345 479 2373; x_wconf 90' lang='lat' dir='ltr'><strong>numerus</strong></span> <span class='ocrx_word' id='word_1_181' title='bbox 500 2345 664 2383; x_wconf 88' lang='lat' dir='ltr'><strong>sumus,</strong></span> <span class='ocrx_word' id='word_1_182' title='bbox 686 2338 729 2371; x_wconf 90' lang='lat' dir='ltr'><strong>et</strong></span> <span class='ocrx_word' id='word_1_183' title='bbox 748 2331 893 2385; x_wconf 86' lang='lat' dir='ltr'><strong>fruges</strong></span> <span class='ocrx_word' id='word_1_184' title='bbox 913 2344 1165 2372; x_wconf 87' lang='lat' dir='ltr'><strong>consumere</strong></span> <span class='ocrx_word' id='word_1_185' title='bbox 1184 2330 1286 2382; x_wconf 90' lang='lat' dir='ltr'><strong>nati,</strong></span> 
     </span>
    </p>
   </div>
   <div class='ocr_carea' id='block_1_5' title="bbox 447 2471 1229 2510">
    <p class='ocr_par' dir='ltr' id='par_1_5' title="bbox 447 2471 1229 2510">
     <span class='ocr_line' id='line_1_31' title="bbox 447 2471 1229 2510; baseline -0.001 -5"><span class='ocrx_word' id='word_1_186' title='bbox 447 2473 486 2506; x_wconf 74' lang='lat' dir='ltr'><strong>E.</strong></span> <span class='ocrx_word' id='word_1_187' title='bbox 502 2473 537 2506; x_wconf 81' lang='lat' dir='ltr'><strong>ii.</strong></span> <span class='ocrx_word' id='word_1_188' title='bbox 551 2473 585 2504; x_wconf 80' lang='lat'><strong>4.</strong></span> <span class='ocrx_word' id='word_1_189' title='bbox 609 2472 749 2505; x_wconf 75' lang='lat' dir='ltr'><strong>Plenius.</strong></span> <span class='ocrx_word' id='word_1_190' title='bbox 840 2471 891 2504; x_wconf 90' lang='grc'><strong>10.</strong></span> <span class='ocrx_word' id='word_1_191' title='bbox 916 2472 1010 2510; x_wconf 80' lang='lat' dir='ltr'><strong>Quod</strong></span> <span class='ocrx_word' id='word_1_192' title='bbox 1028 2472 1128 2510; x_wconf 80' lang='lat' dir='ltr'><strong>Paris,</strong></span> <span class='ocrx_word' id='word_1_193' title='bbox 1141 2477 1229 2504; x_wconf 81' lang='lat' dir='ltr'><strong>ut—.</strong></span> 
     </span>
    </p>
   </div>
  </div>
 </body>
</html>
