1650 2730
213 168 308 215 118

752 175 1016 208 CARMINUM

434 280 601 324 civitas
620 280 771 331 omnia
792 279 1078 331 dabimusque
1097 277 1210 319 divis

550 346 707 387 Thura
724 344 933 397 benignis.

438 477 506 517 Te
527 476 676 516 decem
697 475 807 515 tauri
829 474 1089 526 totidemque
1109 484 1281 523 vaccae,

443 542 510 582 Me
531 549 649 581 tener
669 541 804 580 solvet
824 541 998 590 vitulus,
1020 539 1167 578 relicta

442 607 574 647 Matre
594 606 671 658 qui
692 606 820 658 largis
835 605 1077 658 juvenescit
1097 603 1239 644 herbis

553 672 605 711 In
625 683 722 711 mea
741 678 853 721 vota,

440 792 599 832 Fronte
618 796 817 830 curvatos
837 789 1030 829 imitatus
1050 788 1171 841 ignes

444 855 645 896 Tertium
664 855 816 895 Limae
837 853 1054 894 referentis
1073 858 1226 903 ortum,

442 921 548 967 Qua
567 926 715 960 notam
735 919 861 959 duxit
881 919 1036 959 niveus
1055 917 1202 969 videri,

553 985 706 1026 Cetera
725 983 885 1025 fulvus.

717 1357 959 1396 GARMEN
996 1356 1079 1395 III.

609 1486 681 1513 AD
725 1485 1180 1513 MELPOMENEN.

392 1603 541 1647 Quem
562 1608 621 1652 tu,
643 1601 922 1654 Melpomene,
944 1601 1075 1641 semel

449 1666 710 1707 Nascentem
730 1666 897 1717 placido
917 1665 1080 1705 lumine
1100 1663 1267 1716 videris,

392 1730 523 1771 Illum
544 1742 631 1769 non
652 1730 768 1768 labor
788 1730 996 1768 Isthmius

449 1794 638 1834 Clarabit
658 1794 860 1846 pugilem,
882 1805 969 1834 non
989 1805 1127 1846 equus
1148 1793 1330 1847 impiger

396 1859 536 1899 Curru
555 1857 683 1897 ducet
702 1858 892 1897 Achaico

453 1923 672 1973 Victorem,
693 1935 833 1975 neque
852 1935 917 1962 res
937 1921 1091 1962 bellica
1111 1921 1247 1962 Deliis

394 1987 609 2028 Ornatum
628 1986 739 2027 soliis
758 1987 925 2037 ducem,

453 2051 586 2096 Quod
606 2064 755 2105 regum
774 2051 961 2092 tumidas
981 2050 1219 2091 contuderit
1237 2051 1389 2102 minas,

397 2117 606 2157 Ostendet
626 2117 833 2169 Capitolio
851 2129 861 2155 z

453 2180 538 2221 Sed
558 2193 670 2232 quae
691 2181 830 2220 Tibur
849 2192 987 2232 aquae
1007 2179 1141 2220 fertile
1161 2180 1415 2233 praefluunt,

397 2244 457 2286 Et
477 2245 638 2297 spissae
657 2257 881 2285 nemorum
899 2257 1059 2296 comae,

365 2370 381 2384 .·
455 2310 644 2364 Fingent
662 2310 810 2350 Aeolio
829 2310 1018 2351 carmine
1036 2310 1235 2351 nobilem.

537 2438 577 2472 G.
591 2439 639 2472 iii.
654 2439 686 2472 5.
708 2438 848 2472 Achaia.
1031 2439 1083 2472 10.
1105 2439 1272 2480 perfluunt.

1507 600 1564 640 55

1522 2179 1576 2220 10
