1612 2716
581 178 815 225 mmm
878 186 992 222 ιι.
1355 159 1472 220 285}

160 298 312 350 him,
331 297 503 348 mulcet,
522 295 644 337 falsis
661 293 887 336 tenorum
905 291 1065 345 implet,

161 365 222 407 Ut
238 377 404 418 magus,
424 370 466 403 et
485 362 613 402 modo
631 373 700 402 me
718 360 897 409 Thebis,
918 357 1046 398 modo
1063 355 1183 410 ponit
1202 353 1396 395 Athenis.

163 430 323 472 Verum
342 442 431 482 age,
453 436 495 468 et
514 429 594 478 his,
614 428 690 479 qui
711 439 757 465 se
777 425 921 465 lectori
938 422 1109 463 credere
1129 421 1311 470 malunt,
1434 454 1442 459 .

163 497 315 541 Quam
334 493 579 548 spectatoris
597 491 769 532 fastidia
790 489 895 531 ferre
914 488 1099 542 superbi,
1370 485 1455 526 215

164 561 326 602 Cin-am
345 559 472 600 redde
493 559 675 608 brevem,
697 558 733 596 si
754 568 915 596 munus
935 553 1132 607 Apolline
1151 551 1335 605 dignum

164 626 242 667 Vis
258 624 468 678 complere
487 623 614 673 libris,
634 629 678 662 et
696 621 869 661 vatibus
887 619 1045 660 addere
1062 617 1207 658 calcar

164 691 226 733 Ut
243 689 385 730 studio
404 690 560 742 majore
579 694 725 741 petant
746 685 954 726 Helicona
973 685 1193 724 virentem.

165 755 307 797 Multa
323 754 500 808 quidem
519 753 641 794 nobis
660 751 845 793 facimus
864 750 982 791 mala
1001 761 1128 802 saepe
1147 752 1367 801 poetae,—

164 821 226 863 Ut
243 820 388 860 vineta
406 826 573 872 egomet
590 817 772 858 caedam
789 827 1045 857 mea—cum
1066 814 1141 854 tibi
1161 813 1319 853 librum
1374 809 1461 850 220

166 885 356 928 Sollicito
373 884 531 925 damus
549 891 627 923 aut
645 882 781 934 fesso3
811 894 914 922 cum
934 879 1156 929 laedimur,
1178 890 1318 918 unum

168 951 217 992 Si
233 950 332 1003 quis
350 950 586 990 amicorum
604 956 669 988 oet
688 960 823 988 ausus
842 944 1147 999 reprehendere
1165 954 1365 994 versum3

169 1017 284 1058 Cum
302 1015 398 1057 loca
409 1016 502 1068 jam
519 1015 693 1054 recitata
714 1012 975 1053 revolvimus
995 1009 1243 1060 irrevocati;

170 1082 286 1123 Cum
303 1080 601 1128 lamentamur,
622 1091 708 1118 non
728 1090 930 1130 apparere
950 1076 1118 1115 labores

171 1146 359 1196 Nosth,
378 1151 421 1184 et
440 1145 559 1183 tenui
577 1142 763 1182 deducta
781 1147 980 1194 poemata
999 1139 1097 1183 filo:‚
1378 1135 1465 1178 W

171 1212 287 1252 Cum
305 1221 537 1263 speramuS,
557 1220 607 1247 eo
626 1220 715 1247 rem
734 1212 974 1255 venturam,
995 1211 1054 1254 ut,
1071 1202 1201 1242 simul
1220 1208 1351 1255 atque

171 1276 378 1317 Carmina
395 1273 584 1314 rescieris
603 1284 681 1312 nos
701 1270 873 1323 fingere,
893 1267 1146 1308 commodus
1165 1267 1278 1307 ultro

172 1341 389 1390 Amemus,
409 1346 452 1378 et
470 1350 592 1390 egere
612 1343 742 1386 vetoe,
761 1342 804 1375 et
823 1334 1002 1374 scribere
1020 1345 1163 1386 cogas.

173 1395 260 1447 Sed
280 1411 425 1444 tamen
444 1409 510 1442 oet
527 1413 679 1454 operae
697 1400 880 1453 pretium
899 1410 1164 1451 cognoscere,
1183 1395 1335 1450 qualoe

174 1469 382 1512 Aedituus
401 1468 559 1508 habeat
577 1465 677 1506 belli
698 1472 888 1518 spectata
906 1463 1108 1515 domique
1382 1459 1471 1501 zm

174 1535 332 1585 Virtus,
352 1532 528 1586 indigno
547 1544 635 1572 non
653 1528 959 1571 committenda
977 1534 1137 1581 poetae.

176 1600 336 1641 Gratus
355 1596 603 1639 Alexandro
622 1596 711 1649 regi
730 1595 892 1647 Magno
910 1593 993 1634 fuit
1011 1592 1083 1646 ille

177 1665 413 1715 Choerilus,
433 1662 606 1703 incultis
624 1661 700 1714 qui
718 1660 912 1700 versibus
931 1665 975 1699 et
993 1658 1107 1698 male
1126 1657 1240 1698 natis

178 1730 344 1772 Retulit
361 1735 568 1782 acceptos,
588 1726 731 1780 regale
749 1726 975 1775 nomisma,
995 1723 1229 1776 Philippos.

179 1795 279 1845 Sed,
298 1794 433 1834 veluti
452 1799 631 1833 tractata
649 1798 797 1832 notam
815 1790 1043 1842 labemque
1061 1789 1286 1829 remittunt
1385 1784 1472 1827 235

180 1859 443 1907 Atramenta,
461 1857 549 1897 sere
567 1857 788 1909 scriptor&
805 1854 994 1896 carmine
1013 1853 1139 1893 foedo

182 1922 418 1977 Splendida
436 1921 550 1962 facta
568 1921 721 1961 linunt.
779 1919 902 1960 Idem
921 1932 997 1959 rex
1016 1918 1100 1969 ille,
1121 1929 1272 1970 poema

184 1988 278 2033 Qui
297 1994 387 2028 tam
404 1986 634 2027 ridiculum
652 1991 744 2025 tam
760 1997 859 2024 care
876 1983 1079 2036 prodigus
1097 1982 1212 2034 emit,

185 2053 340 2094 Edicto
358 2052 505 2102 vetuit,
524 2064 580 2091 ne
598 2050 696 2103 quis
715 2062 761 2090 se
779 2056 943 2102 praeter
961 2048 1158 2101 Apellem

185 2118 395 2170 Pingeret,
415 2122 491 2156 aut
508 2115 620 2156 alius
640 2114 830 2167 Lysippo
848 2113 1022 2154 duceret
1040 2126 1141 2153 aera
1388 2110 1476 2152 240

188 2182 330 2223 Fortis
348 2179 581 2221 Alexandri
599 2179 772 2219 vultum
790 2178 1051 2219 simulantia.
1108 2176 1280 2223 Quodsi

188 2245 408 2288 Judicium
427 2244 581 2284 subtile
598 2243 798 2284 videndis
814 2244 978 2284 artibus
996 2242 1104 2289 iliud

189 2310 258 2352 Ad
278 2310 405 2350 libros
423 2314 467 2348 et
484 2307 543 2348 ad
558 2307 668 2349 haec
685 2307 914 2348 Musarum
931 2307 1047 2348 dona
1064 2318 1251 2357 vocareS,

190 2376 397 2417 Boeotum
414 2374 460 2413 in
478 2384 620 2412 crasso
630 2373 796 2426 jurares
813 2380 911 2413 aere
927 2378 1093 2412 natum.

192 2441 251 2482 At
268 2450 406 2492 neque
425 2437 679 2478 dedecorant
695 2443 775 2478 tua
790 2436 846 2477 de
864 2449 911 2477 se
923 2436 1090 2490 Judicia
1107 2440 1237 2486 atque
1392 2430 1478 2473 245
