1612 2716
119 146 217 194 256
629 154 971 189 nrrstromnuu

118 263 179 305 Et
198 263 322 314 ludis,
343 268 385 303 et
403 267 499 316 post
517 260 660 301 decisa
681 260 852 314 negotia
871 259 1106 312 Campo.—

118 331 270 372 Scitari
292 329 392 369 libet
411 341 467 368 ex
488 328 579 381 ipso
599 326 889 380 quodcunque
909 324 1062 365 refers:
1092 323 1162 365 dic
1413 323 1473 366 60

119 395 187 436 Ad
208 407 389 434 coenam>
406 392 721 433 veniat.——Non
741 404 845 431 sane
864 390 1035 431 credere
1057 390 1199 441 Mena,

121 461 265 501 Mirari
286 472 435 499 secum
454 459 623 498 tacitus.
683 456 808 502 Quid
829 456 998 496 multa‘.z
1057 455 1262 508 Benigne,

121 524 578 579 Respondet—Negat
598 522 668 563 ille
689 523 797 562 mihi
809 522 1028 574 'Z—Negat
1047 522 1275 573 improbus,
1296 525 1340 560 et
1357 525 1400 560 te

121 591 309 644 Negligit
329 596 405 629 aut
424 587 856 629 horret.-Vulteium
875 599 1003 626 mane
1024 586 1251 639 Philippus

122 656 232 697 Vilia
253 654 511 695 vendentem
532 654 722 694 tunicato
743 658 886 692 scruta
905 651 1070 704 popello
1418 649 1474 690 65

121 721 328 773 Occupat,
350 727 392 759 et
412 720 576 759 salvere
590 719 712 773 jubet
732 717 854 771 prior.
914 716 992 757 Ille
1012 715 1210 769 Philippo

121 787 344 827 Excusare
367 786 554 826 laborem
574 792 616 824 et
636 782 898 824 mercenaria
917 782 1073 834 vincla,

121 853 254 898 Quod
275 865 362 892 non
382 864 509 891 mane
531 850 709 890 domum
730 850 927 900 venisset,
950 847 1134 900 denique
1155 846 1271 901 quod
1291 859 1376 888 non

121 917 381 959 Providisset
399 915 646 958 eum.--Sic
665 915 880 968 ignovisse
900 919 1049 967 putato

123 984 195 1024 Me
217 984 303 1034 tibi,
326 983 361 1022 si
381 995 537 1022 coenas
557 981 683 1021 hodie
705 980 1008 1020 mecum.—Ut
1028 978 1318 1033 libet.—Ergo
1420 978 1477 1021 ⁷0

121 1050 223 1090 Post
243 1061 403 1089 nonam
424 1048 593 1087 venies:
624 1059 743 1086 nunc
764 1046 789 1097 i,
812 1058 901 1085 rem
923 1052 1123 1085 strenuus
1143 1057 1266 1098 auge.

123 1116 182 1156 Ut
202 1121 383 1154 ventum
403 1113 458 1153 ad
479 1125 660 1153 coenam
681 1118 755 1163 est,
777 1110 961 1152 dicenda
981 1110 1164 1151 tacenda
1185 1110 1365 1163 locutus,

123 1180 327 1221 Tandem
349 1179 582 1219 dormitum
603 1178 840 1218 dimittitur.
899 1178 994 1229 Hic,
1016 1177 1090 1218 ubi
1111 1190 1237 1230 saepe

125 1246 359 1286 Occultum
379 1246 500 1284 visus
520 1243 740 1284 decurrere
762 1243 889 1296 piscis
909 1243 965 1283 ad
987 1243 1180 1294 hamum,

124 1311 253 1351 Mane
274 1311 408 1350 cliens
429 1316 470 1349 et
484 1311 578 1364 jam
597 1315 737 1349 certus
759 1309 955 1360 conviva,
971 1309 1145 1362 jubetur
1422 1307 1478 1350 75

123 1377 242 1417 Rura
263 1376 510 1416 suburbana
531 1374 701 1415 indictis
721 1387 864 1414 comes
884 1374 943 1413 ire
963 1373 1142 1414 Latinis.

123 1442 356 1494 Impositus
376 1441 559 1491 mannis,
582 1452 733 1479 arvum
755 1439 1010 1491 coelumque
1030 1438 1242 1479 Sabinum

124 1506 221 1546 Non
242 1512 381 1545 cessat
402 1505 589 1545 laudare.
650 1504 777 1545 Videt
796 1504 988 1557 ridetque
1011 1504 1247 1557 Philippus,

124 1571 183 1612 Et
204 1572 283 1611 sibi
303 1571 409 1610 dum
431 1571 634 1622 requiem,
656 1569 763 1609 dum
784 1570 894 1609 risus
916 1569 1109 1621 undique
1129 1569 1306 1621 quaerit,

124 1636 244 1676 Dum
266 1642 427 1688 septem
447 1635 579 1674 donat
599 1635 801 1684 sestertia,
825 1641 978 1673 mutua
999 1641 1161 1686 septem
1420 1633 1477 1674 80

123 1701 345 1751 Promittit,
367 1699 605 1752 persuadet,
627 1699 690 1738 uti
710 1706 919 1746 mercetur
938 1698 1141 1751 agellum.

124 1767 351 1807 Mereatur.
412 1765 477 1805 Ne
499 1771 539 1804 te
560 1764 699 1816 longis
720 1764 976 1816 ambagibus
997 1763 1119 1814 ultra,

123 1834 276 1878 Quam
296 1832 398 1870 satis
418 1836 494 1881 est,
516 1842 676 1870 morer:
707 1842 762 1869 ex
782 1828 917 1869 nitido
938 1828 986 1868 fit
1005 1829 1202 1880 rusticus,
1224 1834 1354 1882 atque

126 1897 279 1938 Sulcos
300 1903 342 1935 et
361 1896 507 1935 vineta
526 1901 670 1948 crepat
689 1908 819 1945 mera,
841 1902 1062 1947 praeparat
1082 1895 1232 1947 ulmos,

125 1962 370 2003 Immoritur
391 1960 545 2002 studiis
564 1967 606 2001 et
626 1973 768 2000 amore
789 1961 969 2000 senescit
989 1960 1186 2000 habendi.
1420 1961 1476 2003 85

126 2028 285 2068 Verum
306 2028 380 2067 ubi
400 2039 502 2066 oves
523 2026 646 2078 furto,
668 2026 812 2066 morbo
832 2026 987 2078 periere
1007 2025 1208 2078 capellae,

124 2094 255 2146 Spem
275 2093 452 2133 mentita
475 2105 606 2145 seges,
628 2092 704 2132 bos
724 2098 788 2132 est
807 2097 982 2131 enectus
1004 2091 1188 2132 arando:

125 2158 328 2200 Offensus
347 2157 530 2209 damnis,
552 2157 694 2198 media
714 2156 768 2197 de
789 2163 912 2197 nocte
932 2157 1152 2197 caballum

124 2223 291 2276 Arripit,
313 2224 531 2275 iratusque
552 2222 737 2275 Philippi
758 2221 892 2262 tendit
911 2222 967 2262 ad
988 2222 1126 2263 aedes.

122 2290 271 2335 Quem
284 2288 413 2330 simul
426 2287 622 2342 adspexit
633 2288 832 2329 scabrum
845 2288 1148 2341 intonsumque
1162 2287 1397 2341 Philippus,
1417 2287 1474 2328 90

539 2468 550 2478 .
611 2437 665 2473 63.
689 2436 810 2480 Neget,
826 2437 980 2471 Orellim.
