1612 2716
88 149 194 211 156,
663 160 859 192 EPODON
926 142 942 154 “

172 265 435 308 Indomitam
454 270 647 318 properat
667 264 828 304 rabiem
848 263 1019 316 sedare3
1051 275 1190 317 neque
1209 262 1275 305 illi
1306 276 1309 279 ·

227 332 327 372 Jam
347 336 493 371 manet
513 329 694 370 humida
714 337 830 369 creta
849 329 1050 382 colorque
1386 327 1441 369 10

172 397 361 438 Stercore
382 395 554 436 fucatus
575 395 785 446 crocodili,
802 397 980 449 jamque
1001 394 1200 436 subando

229 461 370 502 Tenta
390 460 550 501 cubilia
570 467 766 512 tectaque
786 461 945 513 rumpit
962 461 970 500 !

171 527 250 568 Vel
270 540 368 566 mea
387 539 490 566 cum
511 526 652 565 saevis
672 527 806 578 agitat
826 526 999 566 fastidia
1018 525 1183 566 verbis:

227 591 409 632 Inachia
429 591 610 643 langues
630 591 786 641 minus,
808 604 859 630 ac
881 604 949 631 me
966 605 975 631 :

170 656 396 698 Inachiam
416 663 477 696 ter
497 663 619 696 nocte
640 663 768 709 potes,
793 657 899 696 mihi
919 669 1086 710 semper
1104 654 1162 696 ad
1181 666 1323 696 unum
1387 653 1441 696 15

225 721 370 762 Mollis
390 734 509 774 opus.
569 721 719 762 Pereat
739 722 862 772 male,
885 734 997 774 quae
1017 729 1059 762 te

167 785 337 837 Lesbia,
361 787 582 839 quaerenti
603 793 787 837 taurum,
810 787 1063 827 monstravit
1082 787 1274 836 inertem,

228 852 343 892 Cum
361 852 468 892 mihi
490 852 606 891 Cous
627 851 796 891 adesset
816 852 1040 904 Amyntas,

171 917 307 971 Cujus
327 917 372 957 in
392 916 599 957 indomito
619 917 885 957 constantior.
901 918 1078 970 inguine
1097 929 1269 969 nervus»,

226 983 379 1027 Quam
398 995 513 1022 nova
531 982 712 1023 collibus
733 983 854 1023 arbor
874 983 1077 1023 inhaeret.
1385 982 1445 1023 20

169 1046 410 1088 Muricibus
431 1048 580 1100 Tyriis
602 1048 775 1088 iteratae
796 1048 955 1088 vellera
974 1048 1101 1088 lanae

226 1113 310 1153 Cui
331 1114 695 1166 properabantur'.z
755 1114 859 1154 Tibi
879 1126 1045 1167 nempe,

172 1177 239 1219 Ne
260 1177 364 1218 foret
384 1179 586 1230 aequales
607 1179 715 1219 inter
735 1179 932 1230 conviva,
954 1179 1093 1233 magis
1113 1191 1245 1232 quem

234 1243 435 1296 Diligeret
455 1244 608 1284 mulier
629 1257 720 1295 sua,
741 1257 876 1297 quam
895 1251 948 1284 te.

172 1307 212 1348 Ο
232 1321 310 1360 ego
331 1321 417 1348 non
437 1308 553 1360 felix,
576 1322 710 1361 quam
730 1316 778 1349 tu
798 1308 925 1363 fugis,
948 1315 997 1350 ut
1015 1316 1145 1363 pavet
1164 1321 1283 1350 acres
1381 1307 1438 1349 25

226 1373 355 1426 Agna
375 1373 509 1426 lupos,
531 1387 795 1427 capreaeque
816 1374 984 1415 leones!

570 1749 810 1788 GARMEN
847 1749 973 1788 XIII.

558 1879 638 1906 AD
688 1880 978 1907 AMICOS.

89 1995 274 2039 Horrida
294 2002 523 2048 tempestas
543 1997 714 2037 coelum
734 1998 959 2049 contraxit,
981 2004 1024 2038 et
1043 1998 1199 2039 imbres

150 2061 367 2113 Nivesque
388 2061 606 2102 deducunt
628 2063 804 2103 Jovem:
836 2076 952 2103 nunc
974 2076 1101 2114 mare,
1123 2075 1240 2104 nunc
1260 2063 1397 2105 siluae

93 2126 295 2169 Threicio
315 2126 528 2178 Aquilone
549 2134 714 2167 sonant.
774 2129 1024 2181 Rapiamus‚
1047 2129 1186 2180 amici,

151 2191 433 2235 Occasionem
454 2191 506 2231 de
527 2191 607 2243 die,
630 2192 819 2244 dumque
841 2194 978 2233 virent
1001 2206 1145 2246 genua

94 2257 155 2299 Et
174 2256 305 2306 decet,
326 2255 512 2295 obducta
534 2256 723 2296 solvatur
744 2256 877 2297 fronte
899 2266 1108 2298 senectus.
1415 2257 1445 2298 5

152 2321 229 2363 Tu
247 2321 351 2364 vina
370 2321 592 2374 Torquato
612 2335 736 2362 move
757 2323 930 2363 consule
951 2336 1096 2376 pressa
1115 2334 1224 2363 meo.

608 2451 662 2484 25.
687 2450 717 2482 O
732 2462 793 2492 ego
808 2451 928 2485 infelix.
