1650 2730
516 172 731 207 ml.
795 171 1054 207 amm.

554 350 794 391 OABMRN
832 351 1017 392 XXXII.

626 471 695 499 An
730 471 950 500 LYRAu.

308 577 542 618 Poscimur.
599 578 647 619 Si
666 577 771 631 quid
789 578 919 619 vacui
937 577 1020 619 sub
1038 578 1193 619 umbra

309 642 517 683 Lusimus
536 649 691 694 tecum,
712 642 829 696 quod
847 649 890 682 et
908 643 1027 683 hunc
1045 643 1092 683 in
1109 654 1278 685 annum

311 706 450 758 Vivat,
471 713 513 747 et
532 707 685 760 plures,
706 720 799 761 age,
819 707 889 748 dic
907 707 1127 760 latinum,

420 773 603 824 Barbite,
622 785 809 824 carmen,

309 890 466 932 Lesbio
484 892 672 945 primum
690 891 909 932 modulate
927 892 1014 933 civi
1029 906 1041 945 3

312 956 405 1001 Qui
423 955 542 997 ferox
560 957 682 1008 bello,
703 963 848 997 tamen
867 957 977 997 inter
994 969 1127 1008 arma,

313 1020 416 1062 Sive
427 1022 636 1074 jactatam
654 1021 852 1075 religarat
869 1021 957 1062 udo

425 1085 566 1125 Litore
584 1087 745 1138 navim,

315 1201 519 1242 Liberum
537 1209 580 1242 et
598 1203 750 1243 Musas
768 1203 1062 1256 Veneremque
1081 1210 1124 1243 et
1141 1203 1206 1244 illi

318 1266 494 1319 Semper
511 1267 759 1307 haerentem
777 1279 959 1320 puerum
977 1268 1170 1319 canebat,

316 1331 377 1371 Et
394 1331 576 1384 Lycum,
596 1331 728 1384 nigris
746 1331 883 1372 oanis
900 1332 1105 1384 nigroque

429 1395 555 1437 Crine
575 1395 788 1436 decorum.

317 1514 358 1555 Ο
377 1514 508 1555 decus
530 1515 692 1555 Phoebi
711 1521 753 1555 et
771 1513 955 1568 dapibus
974 1514 1163 1567 supremi

317 1579 451 1619 Grata
468 1579 638 1620 testudo
656 1580 788 1631 Jovis,
808 1593 835 1619 ο
853 1580 1050 1620 laborum

322 1644 457 1684 Dulce
476 1643 675 1695 lenimen,
694 1644 804 1685 mihi
822 1657 996 1697 cunque
1014 1643 1136 1684 salve

430 1708 525 1750 Rite
543 1710 727 1750 vocanti.

554 2032 794 2072 GARMEN
828 2030 1041 2070 XXXIII.

418 2150 495 2178 AD
537 2151 781 2179 ALBIUM
825 2149 1171 2177 TIBULLUH.

379 2253 489 2306 Albi,
507 2268 563 2296 ne
582 2255 728 2296 doleas
746 2256 845 2308 plus
863 2255 1007 2306 nimio,
1027 2266 1190 2295 memor

378 2317 560 2361 Immitis
578 2320 796 2373 Glycerae,
816 2332 904 2360 neu
921 2318 1185 2360 miserabilae

483 2436 683 2469 (fe-xuill-
706 2437 895 2475 Pooeimus;
916 2437 994 2468 ibid.
1018 2442 1119 2468 nmo-
1178 2481 1185 2486 ·

1409 1267 1465 1308 10

1323 1642 1466 1684 ·15
