1612 2716
120 137 122 142 -
137 100 235 152 2¹16
645 116 984 148 EPISTOLARUM

193 220 348 261 Libera
366 232 440 273 per
458 231 648 260 vacuum
668 221 791 272 posui
813 221 992 273 vestigia
1012 221 1219 274 princeps,

193 285 291 326 Non
311 285 452 325 aliena
471 298 567 325 meo
586 286 718 338 pressi
738 285 855 338 pede.
915 287 1007 331 Qui
1028 287 1109 327 sibi
1129 286 1234 338 fidit,

193 351 299 391 Dux
319 351 425 404 regit
444 364 640 391 examen.
700 341 846 392 Parios
867 365 945 405 ego
965 353 1128 405 primus
1148 353 1312 393 iambos

193 416 372 457 Ostendi
391 416 526 467 Latio,
549 430 748 457 numeros
769 418 1023 470 animosque
1045 424 1218 458 secutus

191 481 448 532 Archilochi,
471 495 557 523 non
578 496 644 522 res
664 491 705 522 et
725 484 896 536 agentia
918 484 1046 524 verba
1067 483 1332 536 Lycamben.
1431 483 1488 525 25

116 569 120 571 >
191 547 256 587 Ac
276 560 330 587 ne
351 560 419 587 me
440 547 550 587 foliis
572 548 666 588 ideo
686 549 947 591 brevioribus
967 562 1102 599 ornes,

190 611 324 656 Quod
345 613 469 652 timui
491 620 656 653 mutare
677 613 826 652 modos
846 620 888 653 et
907 614 1110 653 carminis
1130 620 1288 666 artem3

191 677 426 730 Temperat
445 678 690 718 Archilochi
711 679 888 718 Musam
908 678 1015 731 pede
1035 679 1232 719 mascula
1252 679 1439 735 Sappho,

190 742 424 796 Temperat
444 744 641 795 Alcaeus,
665 744 740 784 sed
760 745 886 784 rebus
901 752 948 802 'et
967 745 1113 800 ordine
1134 744 1290 798 dispar,

190 808 281 849 Nec
303 822 496 849 socerum
517 811 694 862 quaerit,
716 823 846 862 quem
867 810 1059 855 versibus
1079 810 1241 865 oblinat
1261 810 1374 862 atris,
1432 810 1490 851 30

190 874 282 915 Nec
303 887 483 927 sponsae
505 875 709 927 laqueum
731 875 894 915 famoso
914 876 1103 931 carmine
1124 876 1264 916 nectit.

191 940 322 989 Hunc
343 953 432 993 ego,
454 953 540 980 non
561 941 645 980 alio
665 941 828 981 dictum
849 941 965 993 prius
985 954 1066 992 ore,
1087 941 1271 981 Latinus

191 1005 379 1059 Vulgavi
401 999 581 1058 fidicen3
608 1007 735 1060 juvat
755 1007 1051 1046 immemorata
1071 1005 1278 1047 ferentem

190 1071 397 1123 Ingenuis
417 1071 638 1124 oculisque
661 1071 743 1125 legi
765 1073 1052 1124 manibusque
1074 1066 1217 1112 tenerii

191 1137 307 1187 Scire
329 1136 448 1187 velis,
471 1149 569 1176 mea
588 1150 665 1178 cur
685 1138 878 1190 ingratus
897 1137 1107 1190 opuscula
1129 1138 1258 1178 lector
1432 1137 1488 1179 35

190 1201 360 1242 Laudet
379 1210 578 1254 ametque
599 1203 726 1253 domi,
749 1210 913 1255 premat
932 1210 1054 1243 extra
1075 1203 1206 1243 limen
1225 1203 1432 1256 iniquus?

190 1267 289 1307 Non
309 1280 388 1320 ego
408 1274 610 1308 ventosae
631 1258 766 1320 plebis
787 1269 992 1322 suffragia
1011 1281 1143 1310 venor

188 1333 400 1385 Impensis
421 1346 651 1373 coenarum
672 1341 714 1373 et
736 1334 856 1374 tritae
876 1347 1053 1378 munere
1075 1335 1234 1391 vestis3

190 1397 287 1438 Non
309 1411 398 1450 eg0,
421 1399 630 1438 nobilium
651 1399 903 1451 scriptorum
923 1400 1093 1440 auditor
1111 1406 1153 1440 et
1174 1400 1298 1452 ultor,

190 1463 504 1503 Grammaticas
524 1464 686 1504 ambire
707 1465 842 1504 tribus
862 1472 903 1504 et
924 1465 1090 1518 pulpita
1109 1465 1271 1518 dignor.
1429 1463 1488 1505 40

190 1527 305 1567 Hinc
326 1528 423 1568 illae
444 1529 658 1569 lacrimae.
720 1530 877 1582 Spissis
898 1531 1076 1582 indigna
1095 1531 1271 1570 theatris

191 1592 357 1644 Scripta
376 1594 509 1645 pudet
529 1595 702 1634 recitare
724 1602 765 1650 et
785 1596 913 1646 nugis
934 1595 1090 1634 addere
1110 1595 1290 1647 pondus,

191 1649 238 1697 Si
259 1657 373 1709 dixi3
406 1659 548 1708 Rides,
571 1660 641 1709 ait,
664 1666 706 1698 et
725 1660 844 1698 Jovis
866 1660 1042 1699 auribus
1062 1660 1145 1699 ista

191 1721 371 1773 Servas3
405 1722 502 1762 fidis
523 1723 649 1773 euim,
672 1736 846 1762 manare
867 1724 1030 1775 poetica
1050 1724 1179 1764 mella

191 1786 259 1826 Te
281 1786 432 1837 solum,
453 1788 528 1827 tibi
549 1788 736 1839 pulcher.
797 1787 865 1827 Ad
888 1788 992 1827 haec
1013 1802 1091 1841 ego
1112 1790 1287 1830 naribus
1307 1791 1371 1842 uti
1427 1791 1484 1833 45

192 1851 405 1902 Formido,
427 1859 478 1903 et,
502 1852 705 1892 luctantis
725 1861 853 1892 acuto
873 1866 926 1892 ne
948 1867 1064 1893 secer
1085 1856 1231 1908 ungui,
1357 1847 1365 1853 ⁴

191 1919 400 1972 Displicet
420 1920 498 1959 iste
520 1920 649 1971 locus,
671 1920 822 1970 clamo,
845 1927 887 1960 et
907 1920 1072 1961 diludia
1094 1934 1231 1973 posco,

190 1983 344 2024 Ludus
364 1986 479 2041 enim
500 1986 647 2037 genuit
668 1985 879 2037 trepidum
899 1993 1116 2026 certamen
1137 1994 1178 2026 et
1198 1987 1317 2038 iram,

192 2048 262 2090 Ira
282 2055 421 2090 truces
441 2051 689 2090 inimicitias
709 2058 751 2090 et
771 2050 948 2091 funebre
967 2051 1141 2093 bellum.

558 2179 598 2211 Ε.
615 2181 681 2211 xix.
698 2180 753 2216 22,
767 2180 820 2212 23.
843 2179 1063 2222 fidet—reget.
