1612 2716
103 184 202 234 304
534 196 604 230 mc
637 196 767 230 imm
797 196 1016 231 Pomm.

157 300 350 343 Reddere
370 313 482 354 quae
502 300 661 341 sermm
680 301 807 353 valet,
828 314 976 342 exsors
996 301 1090 355 ipsa
1109 301 1310 348 secandi:
1366 301 1451 344 305

157 367 322 407 Munus
341 374 383 407 et
402 366 593 407 officium
613 366 675 406 nil
696 367 884 407 scribens
903 367 994 420 ipse
1014 366 1186 419 docebo,

157 431 284 473 Unde
304 440 505 485 parentur
524 445 636 484 opes,
658 432 764 484 quid
784 432 871 472 alat
892 432 1128 485 formetque
1146 439 1329 486 poetam,

157 497 280 542 Quid
301 497 459 548 deceat,
481 497 587 550 quid
607 510 705 549 non,
726 510 812 550 quo
832 498 978 549 virtus,
999 511 1086 551 quo
1105 497 1211 539 ferat
1230 511 1352 539 error.

157 562 378 603 Scribendi
398 570 508 603 recte
529 576 674 616 sapere
695 570 758 603 est
778 570 819 603 et
839 564 1096 616 principium
1114 571 1158 604 et
1177 563 1297 605 fons:

157 628 267 668 Rem
289 629 363 668 tibi
384 629 624 669 Socraticae
645 635 841 681 poterunt
860 628 1080 669 ostendere
1099 629 1283 681 chartae,
1369 629 1454 670 310

157 693 380 746 Verbaque
400 693 615 746 provisam
635 706 726 734 rem
746 706 834 734 non
854 693 990 734 invita
1010 701 1253 747 sequentur.

157 759 250 803 Qui
270 758 429 811 didicit,
450 759 609 812 patriae
628 758 734 811 quid
753 758 916 811 debeat,
937 765 980 799 et
998 759 1104 812 quid
1123 759 1285 812 amicis,

158 824 262 868 Quo
283 824 337 863 sit
356 837 499 864 amore
520 836 685 877 parens,
706 836 794 876 quo
814 823 940 864 frater
959 823 1175 865 amandus
1196 831 1239 865 et
1257 825 1424 879 hospes,

157 889 291 933 Quod
312 890 366 930 sit
385 890 621 943 conscripti,
642 889 758 942 quod
772 889 930 943 judicis
949 889 1152 941 officium,
1174 902 1286 944 quae

162 954 307 994 Partes
327 956 373 996 in
394 956 556 996 bellum
575 955 697 996 missi
717 955 836 995 ducis
853 969 862 1008 3
895 955 965 995 ille
988 955 1170 1008 profecto
1370 956 1454 998 315

157 1019 350 1060 Reddere
372 1033 576 1073 personae
597 1021 677 1061 scit
696 1021 995 1061 convenientia
1014 1021 1183 1074 cuique.

158 1085 384 1138 Respicere
404 1086 625 1139 exemplar
642 1086 756 1127 vitae
777 1099 1032 1139 morumque
1045 1087 1203 1141 jubebo

159 1151 348 1191 Doctum
367 1152 635 1203 imitatorem,
657 1159 699 1192 et
718 1152 842 1192 vivas
862 1152 965 1193 hinc
984 1152 1138 1193 ducere
1158 1165 1298 1194 voces.

159 1217 381 1257 Interdum
401 1217 593 1270 speciosa
612 1217 716 1258 locis
736 1225 985 1272 morataque
1005 1226 1115 1259 recte

159 1282 340 1334 Fabula,
363 1283 525 1323 nullius
546 1283 733 1335 Veneris,
755 1284 846 1324 sine
865 1283 1051 1337 pondere
1070 1291 1113 1325 et
1131 1291 1232 1336 arte,
1371 1284 1456 1325 320

159 1348 338 1388 Valdius
359 1348 542 1389 oblectat
561 1349 771 1402 populum
790 1349 1032 1402 meliusque
1051 1357 1249 1402 moratur,

158 1414 310 1458 Quam
329 1427 479 1454 versus
500 1415 647 1468 inopes
667 1428 808 1455 rerum
828 1428 1055 1469 nugaeque
1075 1429 1268 1457 canorae.

159 1479 298 1519 Graiis
319 1481 553 1533 ingenium,
576 1481 716 1520 Graiis
736 1480 853 1521 dedit
872 1494 942 1521 ore
962 1481 1144 1522 rotundo

160 1544 289 1584 Musa
309 1545 436 1597 loqui,
458 1552 622 1598 praeter
642 1545 816 1586 laudern
836 1546 998 1587 nullius
1019 1546 1174 1587 avaris.

157 1603 343 1649 Romani
365 1611 483 1662 pueri
504 1610 642 1662 longis
662 1611 896 1651 rationibus
916 1623 1059 1651 assem
1369 1611 1452 1652 325

160 1674 345 1714 Discunt
365 1676 409 1714 in
430 1682 569 1727 partes
590 1682 765 1715 centum
785 1675 995 1716 diducere.
1055 1675 1184 1715 Dicat

157 1739 296 1779 Filius
318 1740 462 1779 Albini
479 1754 488 1779 z
520 1741 556 1779 si
575 1739 628 1779 de
649 1740 891 1792 quincunce
910 1747 1071 1780 remota
1090 1747 1155 1780 est

159 1803 309 1854 Uncia,
327 1804 431 1856 quid
452 1804 654 1856 superat?
691 1805 863 1844 Poteras
883 1804 1067 1845 dixisse:
1098 1805 1423 1847 Triens.—Eu!

157 1868 267 1909 Rem
288 1869 441 1921 poteris
462 1882 630 1909 servare
651 1875 783 1909 tuam.
842 1865 971 1910 Redit
991 1871 1132 1922 uncia,
1153 1871 1259 1924 quid
1281 1871 1329 1912 fit
1343 1872 1421 1912 2-

157 1933 308 1973 Semis.
368 1934 424 1973 At
445 1933 551 1973 haec
572 1934 739 1974 animos
759 1947 917 1988 aerugo
937 1942 978 1975 et
998 1948 1100 1976 cura
1121 1936 1264 1989 peculi
1367 1937 1452 1978 330

157 1998 270 2038 Cum
292 1999 423 2038 semel
445 1998 653 2050 imbuerit,
676 2011 897 2052 speramus
917 2001 1109 2041 carmina
1130 2001 1237 2054 fingi

155 2063 296 2114 Posse,
320 2064 494 2104 linenda
512 2064 637 2104 cedro
658 2071 699 2104 et
719 2064 803 2105 levi
823 2065 1035 2106 servanda
1055 2079 1254 2119 cupresso
1266 2067 1286 2108 ’.ἲ

155 2130 244 2169 Aut
264 2129 461 2182 prodesse
482 2130 634 2170 volunt
653 2136 731 2170 aut
751 2129 958 2171 delectare
979 2138 1138 2184 poetae,

155 2194 244 2235 Aut
264 2195 392 2235 simul
412 2202 454 2234 et
467 2195 663 2249 jucunda
682 2202 724 2235 et
744 2195 897 2236 idonea
916 2196 1054 2238 dicere
1074 2198 1199 2238 vitae.

155 2259 384 2313 Quidquid
404 2260 646 2314 praecipies,
668 2267 757 2301 esto
777 2262 927 2314 brevis,
950 2269 997 2303 ut
1016 2263 1099 2304 cito
1119 2263 1234 2304 dicta
1363 2263 1447 2304 335

112 2421 189 2455 314.
213 2421 416 2462 quid—quid.
503 2422 579 2454 318.
602 2431 704 2454 veras.
791 2422 867 2455 319.
885 2398 978 2463 jocis..
1066 2425 1141 2458 326.
1166 2424 1276 2463 Dim,
1291 2424 1430 2465 aeeon-j.

518 2475 595 2508 328.
617 2480 766 2516 superem
788 2475 866 2508 ibid.
888 2483 1022 2517 poterat.
