1650 2730
477 176 729 212 mm.
793 178 1006 212 (LXXIX.

239 282 527 325 Fastidiosam
545 281 690 322 desere
709 281 876 335 copiam
895 287 938 321 et

238 347 399 389 Molem
417 347 700 400 propinquam
719 346 907 387 nubibus
925 346 1096 387 arduis:

293 412 454 454 Omitte
473 412 615 454 mirari
634 412 783 452 beatae

350 477 544 518 Fumum
563 483 606 518 et
623 489 724 530 opes
743 478 1051 530 strepitumque
1070 477 1246 518 Romae.

240 607 497 659 Plerumque
517 613 661 660 gratae
679 605 884 647 divitibus
902 606 1031 657 vices,

238 672 513 724 Mundaeque
533 684 664 725 parvo
683 672 767 712 sub
786 671 872 712 lare
891 684 1131 725 pauperum

292 738 473 788 Coenae,
495 737 586 777 sine
605 737 769 777 aulaeis
788 743 831 777 et
849 744 972 788 ostro,

348 802 585 844 Sollicitam
603 801 845 855 explicuere
863 800 1056 842 stentem.

238 931 339 972 Jam
357 931 499 971 clarus
518 931 737 972 occultum
755 930 1054 972 Andromedae
1071 937 1192 985 pater

238 996 436 1036 Ostendit
454 997 609 1049 ignem,
623 998 716 1050 jam
737 997 931 1049 Procyon
949 996 1052 1037 furit

295 1059 355 1099 Et
374 1060 495 1099 stella
515 1062 663 1100 vesani
682 1061 850 1111 Leonis,

350 1124 449 1166 Sole
468 1124 559 1164 dies
579 1124 782 1165 referente
802 1126 960 1165 siccos:

240 1253 339 1294 Jam
358 1259 500 1305 pastor
518 1253 693 1292 umbras
711 1265 813 1292 cum
833 1265 959 1305 grege
979 1252 1187 1306 languido

240 1318 487 1369 Rivumque
508 1316 646 1357 fessus
669 1317 833 1369 quaerit
852 1323 895 1356 et
913 1316 1071 1358 horridi

299 1382 488 1422 Dumeta
507 1381 700 1433 Silvani3
730 1390 930 1434 caretque

351 1447 463 1499 Ripa
481 1446 605 1499 vagis
624 1446 837 1487 taciturna
854 1446 1006 1487 ventis.

240 1575 327 1626 Tu,
347 1575 564 1615 civitatem
583 1575 680 1628 quis
699 1575 848 1615 deceat
867 1582 1017 1627 status,

242 1640 391 1691 Curas,
412 1647 454 1680 et
472 1640 577 1681 Urbi
596 1640 801 1680 sollicitus
820 1640 956 1691 times,

296 1705 419 1750 Quid
439 1706 561 1746 Seres
580 1712 622 1745 et
641 1712 817 1758 regnata
837 1706 952 1758 Cyro

352 1771 506 1811 Bactra
524 1777 674 1831 parent
692 1770 945 1823 Tanaisque
963 1770 1135 1811 discors.
1176 1777 1179 1779 ’

242 1907 436 1948 Prudens
455 1908 587 1949 futuri
606 1909 805 1961 temporis
824 1909 991 1950 exitum

244 1972 488 2025 Caliginosa
507 1980 630 2013 nocte
648 1974 799 2026 premit
818 1973 952 2033 deus„

300 2037 522 2090 Ridetque,
543 2038 579 2077 si
598 2037 788 2078 mortalis
808 2037 921 2077 ultra

356 2101 445 2141 Fas
463 2102 653 2156 trepidat.
711 2101 845 2148 Quod
864 2101 998 2153 adest,
1018 2107 1234 2143 memento

248 2238 509 2291 componere
527 2252 716 2292 aequus:
746 2248 886 2281 cetera
905 2240 1098 2281 fluminis

249 2302 354 2343 Ritu
371 2301 573 2355 feruntur,
593 2316 710 2345 nunc
727 2305 869 2346 medio
887 2305 1012 2346 alveo

498 2441 553 2474 34.
574 2442 683 2475 medio
695 2452 844 2483 aequore,
858 2443 1013 2475 Orellinm

1321 167 1419 213 111·

1362 347 1416 388 10

1364 736 1416 777 15
