1650 2730
512 163 764 203 mm.
829 165 956 201 (211.
1344 146 1412 210 η’

343 271 516 315 Delenit
533 283 654 324 nsua,
673 283 754 312 nee
772 270 961 312 Falerna

405 337 511 379 vitis
528 336 957 390 Achaemeniumque
974 340 1167 388 eostum3

289 476 381 517 Cur
398 475 644 517 invidendis
662 475 856 530 postibus
874 481 917 516 et
934 487 1049 516 novo
1356 474 1413 516 45

291 541 486 584 Sublime
503 541 588 582 ritu
606 540 759 582 moliar
776 541 935 581 atrium
945 540 967 580 ’.ἱ

347 606 439 648 Cur
454 605 569 647 valle
587 612 827 660 permutem
844 605 1009 647 Sabina

402 671 590 712 Divitias
607 671 863 725 operosiores
872 670 894 712 21

659 887 818 896 -ο

576 1057 816 1098 ΟΔΒΜΕΝ
852 1057 912 1097 Π.

289 1191 535 1244 Angustam
554 1191 691 1231 amice
710 1191 958 1244 pauperiem
975 1191 1066 1245 pati

291 1256 513 1297 Robustus
532 1256 620 1296 acri
639 1255 794 1296 militia
812 1268 919 1308 puer

347 1320 590 1372 Condiseat‚
610 1327 654 1361 et
672 1321 853 1361 Parthos
871 1319 1032 1361 ferocoe

403 1387 543 1427 Vexet
561 1399 693 1440 equoe
711 1385 970 1427 metuendus
987 1387 1126 1439 hasta,

287 1504 518 1579 vitamque
538 1526 620 1567 sub
638 1525 739 1566 divo
757 1532 800 1566 et
818 1525 992 1579 trepidis
1012 1533 1115 1580 agat
1386 1529 1415 1569 5

289 1592 343 1633 In
362 1592 501 1632 rebus.
557 1591 692 1632 Illum
709 1604 766 1632 ex
784 1592 1010 1632 moenibus
1030 1592 1207 1634 hosticis

349 1657 548 1697 Matrona
566 1657 765 1697 bellantis
787 1657 963 1710 tyranni

403 1722 670 1776 Pmspiciens
688 1729 731 1763 et
749 1722 901 1764 adulta
918 1722 1040 1776 virgo

292 1861 505 1915 Suspiret:
534 1863 671 1904 eheu!
701 1875 757 1903 ne
775 1862 895 1904 rudis
913 1863 1137 1916 agminum

291 1927 484 1980 Sponsus
503 1929 686 1969 lacaesat
703 1929 857 1982 regim,
877 1941 1079 1982 asperum
1360 1930 1415 1970 10

347 1993 503 2045 Tactu,
525 1994 703 2045 leonem,
724 2006 856 2046 quem
874 2001 1052 2034 cruenta

402 2058 485 2099 Per
500 2059 665 2100 medias
683 2059 794 2113 rapit
812 2060 876 2100 ira
894 2058 1059 2100 caedae.

294 2196 433 2238 Dulce
450 2205 494 2239 et
510 2199 713 2240 decorum
731 2206 797 2240 oet
814 2212 891 2253 pro
910 2200 1049 2253 patria
1067 2200 1199 2241 mori:

295 2261 411 2302 Mors
427 2269 472 2304 et
488 2263 690 2318 fugacem
708 2265 975 2319 persequitur
992 2266 1146 2316 virum,

201 2401 242 2434 c.
256 2402 278 2434 i.
292 2401 347 2434 43.
369 2400 492 2434 delinit.
591 2403 680 2437 c.ii.
697 2407 727 2437 1.
751 2404 946 2445 Angmm,
959 2406 1067 2437 amici.
1169 2405 1201 2436 5.
1223 2403 1286 2437 din.

606 2459 887 2498 mmm.
