1612 2716
536 197 747 231 mr.
813 196 934 229 s.v.
1308 179 1400 230 18'1

100 319 102 325 ·
174 302 317 345 Illudo
334 301 505 343 chartis.
563 300 657 341 Hoc
676 306 742 340 est
760 297 1042 340 mediocribus
1061 296 1146 338 illis

175 367 248 408 Ex
268 367 382 407 vitiis
402 378 566 407 unum:
595 364 667 405 cui
686 364 723 404 si
741 362 969 404 concedere
987 361 1109 412 nolss,
1325 361 1407 402 140

180 432 321 473 Multa
339 438 562 484 poetarum
581 430 723 470 veniet
742 441 909 479 manus,
930 427 1093 468 auxilio
1111 439 1224 479 quae

175 498 242 539 Sit
260 497 390 548 mihi3
421 508 526 536 nam
545 495 681 535 multo
702 494 844 547 plures
864 505 1015 534 sumus
1035 505 1087 532 ac
1107 491 1241 532 veluti
1261 498 1303 532 te

176 561 331 603 Judaei
348 573 550 614 cogemus
569 560 615 601 in
633 560 747 600 hanc
766 557 997 599 concedere
1016 557 1196 598 turbam.

592 973 805 1013 SATIRA
840 973 889 1012 V.

185 1118 420 1171 Egressum
439 1130 599 1170 magna
619 1131 687 1158 me
708 1119 874 1171 excepit
894 1118 1035 1158 Aricia
1054 1118 1193 1158 Roma

128 1183 323 1236 Hospitio
343 1182 532 1234 modic03
564 1183 702 1222 rhetor
722 1196 862 1222 comes
882 1183 1146 1234 Heliodorus,

126 1249 385 1288 Graecorum
406 1248 530 1299 longe
551 1246 832 1286 doctissimus.
891 1247 997 1286 Inde
1010 1247 1301 1300 ForumAppi‚

129 1312 358 1353 Differtum
377 1313 531 1363 nautis,
552 1313 816 1365 cauponibus
837 1319 964 1364 atque
984 1312 1195 1365 malignis.

127 1378 222 1418 Hoc
242 1378 318 1417 iter
337 1378 483 1431 ignavi
503 1377 738 1428 divisimus,
760 1376 887 1416 altius
908 1390 958 1416 ac
978 1389 1056 1416 nos
1387 1377 1415 1418 5

127 1442 386 1483 Praecinctis
406 1455 569 1494 unum3
601 1442 744 1482 minus
764 1448 828 1482 est
847 1441 989 1494 gravis
1009 1441 1148 1494 Appia
1168 1441 1311 1482 tardis,

127 1507 209 1547 Hic
229 1519 307 1559 ego
326 1514 490 1559 propter
510 1519 683 1559 aquam,
705 1506 819 1559 quod
838 1513 927 1546 erat
946 1506 1181 1558 deterrima,
1203 1507 1341 1547 ventri

129 1571 278 1611 Indico
297 1571 470 1622 bellum,
491 1578 718 1611 coenantes
738 1571 857 1611 haud
876 1571 1020 1611 animo
1040 1584 1176 1624 aequo

130 1635 398 1687 Exspectans
424 1636 610 1675 comites.
669 1636 768 1677 Jam
788 1649 874 1676 nox
895 1636 1094 1676 inducere
1114 1637 1232 1678 terris

128 1700 312 1741 Umbras
331 1707 373 1740 et
391 1700 507 1740 coelo
530 1699 766 1741 diffundere
787 1701 910 1754 signa
929 1702 1116 1754 parabat.
1364 1702 1417 1742 10

131 1764 253 1804 Tum
272 1765 391 1817 pueri
410 1765 565 1816 nautis,
586 1766 727 1818 pueris
747 1766 941 1806 convicia
960 1773 1119 1807 nautae

131 1829 349 1880 Ingerere:
379 1830 478 1870 Huc
498 1830 686 1883 appelle!
746 1831 979 1871 Trecentos
999 1832 1150 1872 inseris
1166 1832 1175 1871 !
1191 1862 1200 1872 .
1215 1862 1225 1872 .
1241 1862 1250 1872 .
1264 1831 1361 1872 Ohe

130 1891 230 1932 Jam
249 1893 351 1933 satis
370 1894 458 1934 est!
508 1895 629 1935 Dum
648 1908 721 1935 aes
741 1895 936 1948 exigitur,
953 1895 1059 1936 dum
1078 1896 1199 1936 mula
1219 1896 1385 1950 ligatur,

132 1953 247 1995 'rota
266 1957 353 1997 abit
373 1958 487 1999 hora.
546 1959 652 2000 Mali
671 1959 830 1999 culices
849 1973 1065 2012 ranaeque
1083 1961 1293 2013 palustres

133 2019 342 2061 Avertunt
361 2035 543 2075 somnos,
566 2025 786 2064 absentem
805 2030 853 2064 ut
871 2031 1016 2064 cantat
1035 2025 1220 2068 amicam
1365 2026 1416 2066 15

134 2083 274 2123 Multa
292 2086 483 2137 prolutus
503 2101 645 2142 vappa
664 2095 798 2129 nauta
817 2095 945 2141 atque
964 2089 1100 2130 viator

134 2148 349 2188 Certatim.
406 2151 608 2193 Tandem
627 2153 766 2194 fessus
786 2153 964 2194 dormire
984 2155 1120 2195 viator

134 2213 298 2264 Incipit,
318 2226 369 2253 ac
390 2215 546 2256 missae
566 2225 736 2269 pastum
754 2219 987 2259 retinacula
1008 2219 1150 2260 mulae

135 2276 282 2317 Nauta
300 2278 417 2331 piger
436 2291 541 2319 saxo
560 2281 709 2335 religat
727 2284 944 2337 stertitque
964 2285 1155 2338 supinus.

533 2410 605 2440 141.
627 2412 754 2449 veniat3
775 2412 963 2451 auxilioque.

182 2457 218 2490 S.
232 2468 263 2490 v.
283 2459 311 2490 1.
334 2461 468 2498 accepit.
553 2461 586 2494 3.
607 2462 747 2502 linguae.
834 2463 865 2495 6.
888 2463 1006 2495 Nimis.
1093 2463 1124 2494 7.
1146 2464 1322 2497 teterrima.
