1612 2716
532 182 987 216 maumam
1330 172 1427 220 235

83 284 203 326 Vixit
220 284 472 338 inaequalis,
491 284 667 326 clavum
688 293 739 326 ut
758 293 942 327 mutaret
960 286 1007 327 in
1025 287 1177 339 horas3
1373 287 1428 328 10

82 349 274 390 Aedibus
293 363 349 390 ex
369 350 540 403 magnis
561 351 701 391 subito
721 364 766 391 se
786 351 996 403 conderet,
1018 351 1134 392 unde

82 414 284 455 Mundior
301 415 436 455 exiret
455 415 530 455 vix
550 415 769 456 libertinus
789 417 988 469 honeste;

81 478 180 520 Jam
200 480 404 520 moechus
423 481 597 531 Romae,
613 482 704 534 jam
724 481 871 522 mallet
889 482 1041 522 doctus
1060 482 1243 522 Athenis

80 543 243 595 Vivere,
265 544 520 596 Vertumnis,
541 552 749 598 quotquot
768 553 879 598 sunt,
901 553 1030 587 natus
1049 547 1218 600 iniquis.

78 609 235 650 Scurra
254 609 515 661 Volanerius,
536 618 764 663 postquam
783 611 845 651 illi
857 613 976 666 justa
995 613 1202 666 cheragra
1371 614 1423 654 15

78 674 283 715 Contudit
300 675 510 727 articulos,
530 676 606 728 qui
625 689 700 729 pro
718 689 765 717 se
784 677 945 718 tolleret
963 684 1091 730 atque

79 739 262 780 Mitteret
281 741 326 781 in
345 741 542 794 phimum
561 742 681 793 talos,
702 742 895 783 mercede
913 743 1070 784 diurna

77 804 350 846 Conductum
368 806 511 859 pavit:
540 814 703 859 quanto
721 809 981 848 constantior
1002 808 1138 850 isdem

76 870 128 910 In
147 871 272 922 vitiis,
294 878 412 912 tanto
431 872 570 912 levius
589 873 717 913 miser
735 886 787 913 ac
806 874 916 926 prior
934 874 1018 926 illo,

76 935 168 980 Qui
182 937 273 989 jam
292 943 499 988 contento,
516 939 607 991 jam
628 938 729 978 laxo
748 938 851 979 fune
871 938 1104 980 laborat.--
1362 941 1420 981 20

75 1000 173 1040 Non
194 1000 309 1040 dices
327 1001 464 1053 hodie,
485 1015 691 1054 quorsum
710 1004 817 1043 haec
838 1011 928 1045 tam
947 1005 1098 1057 putida
1117 1005 1306 1055 tendant,

76 1063 268 1105 Furcifer
278 1065 424 1106 2—Ad
443 1073 495 1117 te,
511 1067 863 1119 inquam.—Quo
882 1077 1017 1122 pacto,
1038 1070 1219 1122 pessime
1227 1070 1418 1111 ‘3—Lau-

240 1129 319 1169 das

74 1195 312 1235 Fortunam
330 1201 372 1235 et
391 1207 528 1235 mores
547 1196 751 1248 antiquae
770 1197 916 1249 plebis,
937 1205 980 1238 et
1000 1198 1126 1249 idem,

74 1259 121 1300 Si
141 1260 238 1311 quis
251 1259 314 1300 ‘ad
334 1259 408 1299 illa
428 1260 535 1299 deus
556 1261 695 1300 subito
714 1268 755 1301 te
775 1270 886 1314 agat,
908 1275 1046 1314 usque
1066 1276 1247 1314 recuses,
1298 1286 1301 1288 ·

72 1324 162 1364 Aut
180 1326 282 1377 quia
302 1337 389 1365 non
409 1326 551 1376 sentis,
572 1325 687 1378 quod
707 1326 880 1378 clamas,
902 1328 1056 1367 rectius
1075 1341 1178 1379 esse,
1359 1329 1415 1370 25

72 1390 162 1430 Aut
180 1390 283 1442 quia
302 1403 389 1430 non
409 1390 560 1430 firmus
579 1398 742 1431 rectum
762 1391 965 1443 defendis,
987 1399 1029 1432 et
1049 1393 1209 1445 haeres,

72 1455 373 1507 Nequicquam
392 1469 525 1495 coeno
543 1457 722 1509 cupiens
741 1457 921 1497 evellere
941 1458 1146 1510 plantam.

71 1520 235 1560 Romae
254 1533 327 1559 rus
346 1527 477 1573 optas,
499 1521 720 1561 absentem
738 1523 922 1562 rusticus
943 1523 1092 1563 urbem

71 1585 210 1625 'Pollis
229 1585 286 1625 ad
304 1592 418 1625 astra
437 1586 554 1626 levis.
612 1587 660 1627 Si
679 1599 896 1639 nusquam
915 1601 961 1627 es
981 1588 1084 1628 forte
1104 1594 1282 1629 vocatus

19 1670 23 1673 ·
72 1650 142 1691 Ad
161 1663 350 1701 coenam,
372 1651 526 1691 laudas
545 1664 743 1692 securum
762 1652 869 1703 olus,
890 1666 953 1704 ac,
974 1653 1095 1694 velut
1113 1666 1301 1707 usquam
1355 1655 1412 1696 30

70 1715 247 1755 Vinctus
266 1729 350 1766 eas,
372 1716 431 1756 ita
451 1723 491 1756 te
510 1715 677 1757 felicem
696 1717 803 1757 dicis
822 1731 1039 1770 amasque‚

69 1779 203 1824 Quod
221 1793 440 1832 nusquam
458 1782 533 1822 tibi
553 1782 607 1822 sit
625 1782 872 1835 potandum.
930 1784 957 1824 J
958 1784 1110 1824 usserit
1129 1783 1186 1824 ad
1205 1797 1251 1825 se

70 1843 298 1884 Maecenas
317 1858 460 1886 serum
479 1847 561 1887 sub
579 1847 745 1887 lumina
763 1849 900 1900 prima
918 1850 1063 1890 venire

70 1909 335 1950 Convivam:
366 1909 545 1951 Nemon'
564 1911 707 1951 oleum
725 1912 829 1952 feret
848 1914 999 1954 ocius‘.l
1028 1915 1176 1967 ecquis

70 1973 203 2013 Audit
214 1975 234 2014 2²
262 1988 363 2015 cum
382 1988 540 2028 magno
558 1976 742 2016 blateras
761 1977 945 2018 clamore
965 1978 1176 2031 fugisque.
1354 1980 1410 2021 35

70 2038 263 2079 Mulvius
282 2047 324 2079 et
343 2053 524 2092 scurrae,
545 2041 621 2081 tibi
640 2053 728 2081 non
747 2041 965 2082 referenda
984 2044 1153 2096 precati,

71 2103 319 2144 Discedunt.
377 2105 552 2146 Etenim
570 2106 712 2158 fateor,
733 2120 814 2158 me,
835 2107 988 2148 dixerit
1007 2108 1088 2160 ille,

71 2168 183 2207 Duci
202 2176 347 2209 ventre
367 2170 529 2222 levem;
561 2184 718 2212 nasum
737 2172 882 2212 nidore
903 2174 1100 2226 supinor:

70 2232 324 2285 Imbecillus,
347 2235 481 2287 iners;
514 2235 550 2275 si
569 2236 674 2287 quid
693 2237 771 2288 vis,
792 2237 913 2289 adde,
935 2239 1101 2291 popino.

69 2296 156 2347 Tu,
176 2310 278 2337 cum
297 2299 356 2338 sis
374 2298 491 2351 quod
509 2312 599 2352 ego,
619 2307 662 2340 et
679 2300 868 2342 fortassis
888 2303 1077 2355 nequior,
1098 2305 1209 2343 ultro
1351 2302 1408 2342 40

243 2447 294 2479 13.
317 2447 437 2479 doctor.
525 2448 576 2480 18.
597 2448 695 2482 idem.
781 2451 835 2483 34.
857 2450 928 2483 fert.
1015 2449 1069 2481 35.
1093 2448 1240 2488 furisque.
