1650 2730
512 196 955 232 nmmum.
1342 182 1406 230 45

315 302 531 356 Quisquis
548 302 742 356 ingentes
759 301 885 343 oculo
902 301 1092 343 irretorto

425 367 599 422 Spectat
616 379 802 413 acervos,

554 691 793 732 GABMEN
830 691 915 731 ΠΙ.

456 813 534 842 ΑΒ
580 812 637 843 Q·
686 812 1015 841 DELLIUH.

258 910 456 963 Aequam
473 916 688 951 memento
706 909 833 950 rebus
853 910 898 949 in
917 908 1064 949 arduis

258 974 435 1016 Servare
454 981 653 1026 mentem,
674 987 761 1015 non
781 986 905 1015 secus
924 974 971 1015 in
989 973 1113 1015 bonis

312 1039 382 1080 Ab
399 1039 595 1080 insolenti
614 1046 890 1092 temperatam

370 1103 565 1155 Laetitia,
584 1104 783 1144 moriture
803 1103 929 1155 Delli,

260 1231 349 1273 Seu
366 1237 554 1271 moestus
572 1231 690 1271 omni
710 1238 895 1283 tempore
914 1232 1085 1283 vixeris,
1375 1231 1404 1272 5

258 1295 346 1338 Seu
366 1302 407 1336 te
425 1295 471 1336 in
489 1302 648 1335 remoto
666 1295 857 1348 gramine
875 1308 950 1348 per
968 1295 1060 1336 dies

316 1360 467 1401 Festos
485 1359 739 1400 reclinatum
760 1359 899 1400 bearis

370 1424 569 1464 Interiore
588 1430 691 1464 nota
715 1423 898 1464 Falerni.

261 1553 364 1597 Quo
382 1552 510 1605 pinus
530 1552 681 1605 ingens
700 1552 885 1605 albaque
902 1552 1086 1606 populus

264 1615 473 1657 Umbram
490 1616 747 1669 hospitalem
765 1617 1005 1657 consociare
1024 1624 1175 1659 amant
1351 1618 1406 1660 10

315 1681 466 1723 Ramis
477 1681 498 1722 ’.ῑ
554 1681 676 1726 Quid
694 1682 866 1734 obliquo
884 1681 1047 1723 laborat

373 1745 576 1799 Lympha
594 1745 731 1800 filgax
749 1746 957 1800 trepidare
976 1747 1067 1788 rivo
1077 1747 1099 1788 21

262 1864 363 1905 Huc
382 1866 485 1905 vina
503 1872 544 1904 et
563 1871 785 1918 unguenta
802 1871 845 1906 et
863 1866 1049 1908 nimium
1066 1868 1216 1908 breves

266 1929 413 1970 Floras
430 1941 635 1970 amoenae
654 1929 761 1970 ferre
774 1930 878 1984 J'ube
895 1943 1028 1983 rosae,

319 1993 440 2034 Dum
457 1996 584 2034 res'et
602 2000 720 2035 aetas
738 2001 780 2034 et
799 2007 990 2035 sororum
1353 1996 1408 2038 15

375 2058 475 2099 Fila
493 2059 622 2100 trium
643 2059 865 2112 patiuntur
883 2065 988 2100 atra.
1159 2057 1169 2059 μ

269 2174 406 2215 Cedes
423 2178 626 2230 coemptis
646 2178 825 2218 saltibus
845 2184 887 2218 et
905 2178 1033 2219 domo

274 2238 478 2292 villaque,
496 2241 638 2282 flavus
656 2255 790 2295 quam
808 2243 977 2284 Tiberis
994 2243 1113 2295 lavit,

421 2357 460 2389 C.
474 2360 519 2390 iii.
535 2361 630 2392 9-12.
654 2360 894 2398 Quo-nmis,
908 2363 1070 2394 et-rivot

84 2408 123 2441 11
156 2417 219 2450 quo
231 2408 377 2448 cuiqam
397 2419 459 2448 qua
473 2411 619 2451 cuiqam
641 2423 704 2452 qna
717 2420 750 2446 et
764 2414 900 2452 obliquo.
962 2415 1015 2450 13,
1031 2415 1083 2445 14.
1104 2414 1413 2458 brein—amoenu-

499 2462 551 2495 1⁷.
572 2463 678 2497 dmm.
822 2465 874 2497 18.
895 2465 991 2497 lavat.
