1650 2730
743 150 1010 185 CAR-mma

480 256 573 299 Nec
592 255 727 310 parcit
745 255 929 298 imbellis
942 256 1150 311 juventae

536 322 776 376 Poplitibus
795 320 1031 374 timidoque
1050 327 1180 376 tergo.

423 453 580 505 Virtus,
601 452 797 506 repulsae
817 451 963 493 nescia
983 450 1192 506 sordidae,

423 519 697 560 Intaminatis
717 518 855 572 fulget
874 517 1118 570 honoribus,

484 585 576 627 Nec
596 585 729 625 sumit
747 590 824 625 aut
842 583 962 637 ponit
982 595 1152 624 secures
1191 597 1203 605 ·

536 651 720 692 Arbitrio
739 650 957 704 popularis
976 661 1120 690 aurae.

415 780 581 833 Virtus,
603 780 830 823 recludens
850 780 1073 821 immeritis
1092 778 1201 821 mori

425 847 619 898 Coelum,
641 853 798 901 negata
819 853 955 887 tentat
975 846 1053 886 iter
1071 845 1156 897 via,

480 913 725 966 Coetusque
746 912 946 966 vulgares
965 919 1007 952 et
1030 910 1163 951 udam

535 978 707 1032 Spernit
727 977 915 1019 humum
933 975 1124 1030 fugiente
1143 986 1299 1029 penna.

423 1108 506 1150 Est
523 1114 566 1150 et
580 1106 699 1149 fideli
718 1113 813 1148 tuta
833 1106 1001 1148 silentio

423 1175 612 1217 Merces:
642 1174 807 1225 vetab0,
828 1173 906 1226 qui
925 1171 1090 1213 Cereris
1111 1182 1288 1213 sacrum

481 1239 679 1293 Vulgarit
698 1251 893 1290 arcanae,
916 1237 998 1278 sub
1017 1236 1158 1278 isdem

535 1305 603 1347 Sit
621 1304 813 1345 trabibus
832 1303 1083 1357 fragilemve
1101 1312 1278 1343 mecum

423 1435 574 1478 solvat
594 1434 826 1488 phaselon:
855 1445 981 1485 saepe
1003 1432 1216 1484 Diespiter

423 1501 657 1554 Neglectus
677 1499 840 1547 incesto
860 1497 1025 1538 addidit
1044 1497 1283 1550 integrum:

478 1567 592 1608 Raro
614 1563 940 1605 antecedentem
962 1562 1193 1604 scelestum

535 1631 736 1672 Deseruit
754 1628 861 1684 pede
881 1641 1021 1683 poena
1040 1628 1210 1670 claudo.

698 1997 939 2038 GARMEN
975 1995 1059 2036 111.

413 2134 589 2177 Justum
608 2140 650 2174 et
669 2140 865 2174 tenacem
885 2131 1084 2186 propositi
1104 2131 1247 2172 virum

414 2200 513 2242 Non
532 2199 693 2239 civium
714 2198 838 2238 ardor
856 2210 990 2250 prava
1003 2197 1259 2250 jubentium,

469 2261 568 2302 Non
588 2259 735 2299 vultus
756 2259 954 2298 instantis
975 2259 1147 2311 tyranni

526 2326 671 2367 Mente
691 2324 829 2377 quatit
848 2323 993 2375 solida,
1015 2336 1154 2377 neque
1174 2325 1342 2377 Auster,

1499 254 1555 298 15

251 2460 305 2496 16.
326 2458 490 2494 timidove.
575 2456 631 2490 27.
657 2455 816 2497 Vulgavit.
902 2453 957 2489 28.
979 2454 1198 2496 fragilemque.
1285 2454 1326 2489 C.
1339 2455 1387 2488 iii.
1405 2455 1435 2489 1.
1457 2463 1509 2490 ιο.
