1612 2716
527 567 576 618 Q.
616 568 858 616 HORATII
903 567 1104 616 FLACGI

322 737 1312 803 EPISTOLARUM

539 923 724 966 LIBER
764 923 1084 967 SECUNDUS

639 1214 926 1255 EPISTOLA
964 1213 998 1255 I.

572 1357 649 1385 AD
689 1355 1068 1385 AUGUSTUM.

250 1486 355 1526 Cum
377 1492 437 1526 tot
458 1485 672 1526 sustineas
692 1491 734 1525 et
754 1491 875 1525 tanta
894 1484 1067 1538 negotia
1084 1482 1213 1536 solus,

196 1551 282 1591 Res
305 1552 436 1592 Italas
457 1552 588 1591 armis
611 1551 769 1602 tuteris,
791 1551 980 1591 moribus
999 1562 1134 1600 ornes,

193 1616 383 1670 Legibus
403 1617 616 1667 emendes,
639 1617 684 1656 in
704 1616 878 1669 publica
897 1614 1124 1655 commoda
1144 1627 1330 1668 peccem,

193 1682 239 1722 Si
262 1682 388 1734 longo
409 1694 602 1721 sermone
623 1694 760 1720 morer
779 1687 855 1720 tua
875 1687 1076 1732 tempora,
1095 1680 1266 1721 Caesar.

193 1747 407 1787 Romulus
427 1753 469 1786 et
489 1746 617 1786 Liber
637 1752 755 1799 pater
775 1740 816 1785 et
835 1758 938 1786 cum
959 1745 1133 1785 Castore
1154 1745 1324 1798 Pollux,
1461 1746 1489 1787 ὅ

192 1812 294 1852 Post
315 1812 505 1864 ingentia
525 1810 640 1851 faeta
661 1810 841 1851 deorum
861 1811 906 1851 in
927 1810 1086 1864 templa
1107 1812 1274 1865 recepti,

192 1878 312 1918 Dum
333 1884 460 1917 terras
485 1877 798 1929 hominumque
818 1876 967 1916 colunt
987 1889 1137 1929 genus,
1159 1890 1309 1931 aspera
1329 1876 1444 1920 bella

192 1944 478 1996 Componunt,
501 1956 624 1996 agros
645 1942 879 1996 assignant,
901 1941 1057 1995 oppida
1076 1943 1279 1996 condunt,

191 2009 414 2050 Ploravere
436 2009 525 2049 suis
546 2021 633 2049 non
653 2008 904 2061 respondere
925 2008 1117 2049 favorem

190 2075 418 2127 Speratum
439 2074 609 2114 meritis.
670 2074 822 2114 Diram
842 2074 917 2127 qui
937 2073 1133 2115 contudit
1152 2073 1351 2128 Hydram
1434 2074 1488 2115 10

193 2139 389 2191 Nota'que
410 2139 530 2179 fatali
551 2145 745 2192 portenta
765 2138 907 2179 labore
928 2139 1107 2193 subegit,

191 2205 407 2259 Comperit
428 2204 639 2244 invidiam
659 2217 857 2257 supremo
877 2204 963 2245 fine
985 2204 1160 2245 domari.

192 2271 286 2311 Urit
305 2270 421 2310 enim
443 2269 607 2323 fulgore
628 2282 718 2321 su0,
739 2270 814 2322 qui
835 2277 1089 2323 praegravat
1108 2276 1219 2310 artes

191 2335 307 2377 Infra
328 2349 371 2376 se
392 2336 576 2389 positas;
608 2335 847 2376 exstinctus
868 2336 1082 2376 amabitur
1102 2335 1229 2376 idem.

190 2401 409 2442 Praesenti
431 2401 507 2443 tibi
526 2407 716 2443 maturos
737 2400 944 2456 largimur
963 2400 1156 2452 honores,
1429 2397 1485 2439 15
