1650 2730
483 180 632 220 LIBER
659 180 738 218 ΠΒ
777 180 994 218 *α’ΧῩῙι

227 287 396 330 Aurum
413 299 488 342 per
504 287 668 329 medios
678 286 747 328 >ire
765 285 968 327 satellites

227 353 288 394 Et
306 365 570 406 perrumpere
588 358 707 393 amat
724 363 843 402 saxa,
863 350 1078 404 potentius

227 418 324 459 Ictu
341 417 573 458 fulmineo:
602 416 787 456 concidit
805 416 981 468 auguris

394 481 542 535 Argivi
561 480 728 532 domus,
745 481 800 522 ob
819 480 987 522 lucrum

229 610 436 651 Demersa
453 609 609 650 exitio:
638 607 794 649 diffidit
811 609 985 649 urbium

228 675 376 715 Portas
395 674 460 715 vir
478 673 670 725 Macedo,
690 679 734 714 et
751 673 918 714 subruit
936 672 1129 714 aemulos

228 739 367 793 Reges
386 738 633 778 muneribus
650 751 660 778 :
690 750 869 778 munera
888 738 1069 778 navium

392 802 555 844 Saevos
573 801 808 855 illaqueant
825 801 974 842 duces.-

231 930 500 971 Crescentem
519 930 710 982 sequitur
727 942 831 970 cura
850 929 1079 982 pecuniam

230 994 524 1048 MaJorumque
542 993 690 1034 fames.
748 994 774 1034 J
775 1006 850 1034 ure
867 993 1089 1046 perhorrui

233 1057 340 1099 Late
359 1058 638 1110 conspicuum
657 1057 800 1097 tollere
820 1058 1033 1109 verticem,

398 1121 638 1172 Maecenas,
658 1122 852 1174 equitum
871 1121 1014 1160 decus.

234 1258 412 1303 Quanto
430 1256 612 1309 quisque
632 1257 712 1296 sibi
730 1256 854 1308 plura
872 1255 1101 1308 negaverit,

232 1322 301 1362 Ab
320 1321 386 1361 dis
404 1320 527 1373 plura
546 1319 674 1360 feret:
703 1319 767 1360 nil
785 1320 1048 1372 cupientium

233 1385 389 1427 Nudus
408 1391 546 1425 eastra
565 1390 660 1436 peto
679 1390 722 1424 et
741 1383 965 1436 transfuga
983 1383 1167 1425 divitum

399 1449 546 1491 Partes
565 1448 754 1501 linquere
773 1448 928 1501 gesti03
951 1446 956 1450 ’

233 1586 510 1658 Contemptae
529 1585 730 1626 dominus
748 1584 1006 1638 splendidior
1021 1584 1093 1635 rei,

233 1651 382 1695 Quam
401 1650 448 1702 si,
469 1649 678 1703 quidquid
696 1656 789 1690 arat
807 1649 985 1702 impiger
1002 1648 1212 1725 Appulus,

233 1714 457 1756 Occultare
475 1715 582 1754 meis
600 1713 758 1754 dicerer
775 1713 945 1764 horreis,

397 1778 581 1832 Magnas
600 1778 707 1819 inter
725 1790 827 1831 opes
844 1778 977 1831 inops.

233 1915 373 1955 Purae
391 1915 509 1956 rivus
529 1927 668 1968 aquae
688 1914 881 1967 silvaque
895 1914 1095 1968 Jugerum

234 1979 484 2031 Paucorum,
505 1986 547 2019 et
565 1979 718 2032 segetis
732 1985 846 2019 certa
865 1978 972 2018 fides
991 1989 1126 2027 meae,

137 2072 149 2084 .
236 2043 491 2096 Fulgentem
509 2043 683 2096 imperio
702 2042 848 2083 fertilis
867 2041 1036 2083 Africae

401 2108 532 2148 Fallit
550 2113 658 2148 sorte
676 2107 846 2148 beatior.

238 2244 504 2295 Quanquam
521 2255 600 2284 nec
619 2243 826 2284 Calabrae
843 2241 974 2283 mella
990 2207 1132 2282 fenmt
1150 2251 1253 2293 apes

239 2307 330 2350 Nec
348 2307 655 2361 Laestrygonia
673 2308 874 2350 Bacchus
891 2307 939 2348 in
957 2305 1163 2359 amphora

544 2433 585 2468 G.
599 2435 665 2467 xvi.
678 2433 733 2467 26.
753 2443 821 2467 non
834 2434 935 2474 piger.

1344 351 1400 392 10

1346 736 1402 778 15

1347 1974 1405 2016 30
