1612 2716
179 299 544 354 latiorumploeti
562 312 727 352 murus,
746 300 935 354 vinoque
952 300 1109 343 diurno

178 365 347 407 Plaeari
364 367 531 407 Genius
549 365 669 406 festis
686 367 865 420 impune
882 365 1060 419 diebus;

176 431 369 472 Acceeffl‘t
387 432 665 484 numerisque
683 431 910 489 modisque
926 431 1101 473 licentia
1119 434 1263 487 major.

164 496 383 537 Indoctus
401 496 509 550 quid
526 497 644 538 enim
661 503 828 550 sapoeet
847 497 1038 551 liberque
1056 498 1254 540 laborum

175 561 383 603 Rusticus
402 563 567 603 urbano
583 561 804 614 confusus,
824 563 959 616 turpis
978 563 1189 604 houm?

175 627 250 668 Sic
267 627 431 680 priscae
450 634 702 681 motumque
721 635 765 668 et
782 628 1001 669 luxuriem
1019 628 1186 670 addidit
1203 629 1283 670 arti
1350 605 1355 609 .

175 691 371 743 Tibicen,
390 693 607 745 traxitque
624 705 766 746 vagus
784 706 860 747 per
876 694 1045 748 pulpita
1061 702 1239 736 vestem.

173 756 247 799 Sic
264 758 397 798 etiam
417 757 576 798 fidibus
596 771 723 799 voces
740 771 910 800 crevere
929 760 1100 811 severis,

173 814 234 862 Et
252 822 351 863 tulit
367 822 587 875 eloquium
606 824 828 865 insolitum
845 824 1053 865 facundia
1070 838 1282 880 praeceps,
1297 816 1302 818 l

172 887 443 940 Utiliumque
461 901 599 942 sagax
618 902 760 930 rerum
777 897 821 930 et
839 889 989 932 divina
1006 890 1142 932 futuri

171 952 389 1006 Sortilegis
406 966 495 994 non
513 954 744 1008 discrepuit
761 957 973 996 sententia
992 956 1187 1010 Delphis.

172 1017 373 1057 Carmine
391 1019 469 1070 qui
486 1021 649 1072 trag-ico
666 1020 797 1061 vilem
816 1022 995 1062 certavit
1014 1022 1070 1062 ob
1088 1023 1269 1074 hircum,

171 1081 277 1122 Mox
295 1083 429 1123 etiam
445 1092 633 1136 agroetes
652 1085 829 1138 Satyros
848 1086 1043 1134 nudavit,
1062 1094 1106 1126 et
1125 1100 1249 1140 asper

170 1147 382 1188 Incolumi
400 1149 607 1201 gravitate
622 1150 771 1203 jocum
787 1152 968 1191 tentavit
986 1164 1049 1202 eo,
1069 1151 1187 1204 quod

169 1211 385 1252 lllecebn's
401 1219 493 1252 erat
510 1220 554 1253 et
573 1221 694 1266 grata
712 1215 903 1254 novitate
920 1216 1156 1256 morandus

168 1277 397 1329 Spectator,
419 1277 681 1331 functusque
701 1280 833 1319 sacris
851 1287 893 1319 et
912 1287 1038 1332 potus
1057 1288 1098 1320 et
1118 1281 1261 1322 exlex.

168 1341 328 1382 verum
346 1343 407 1383 ita
425 1344 587 1394 risoroe,
607 1344 668 1383 ita
686 1345 987 1384 commendare
1006 1345 1175 1386 dicaces

167 1407 405 1448 Conveniet
422 1408 611 1461 Satyros,
631 1409 693 1449 ita
710 1417 871 1450 vertere
890 1411 1000 1450 seria
1019 1411 1134 1461 ludo,

166 1472 246 1524 Ne,
264 1473 513 1526 quicunque
532 1473 652 1525 deus,
671 1475 921 1527 quicunque
939 1477 1212 1518 adhibebitur
1229 1477 1365 1527 heros,

165 1536 319 1590 Regali
337 1546 591 1591 conspectus
608 1540 656 1580 in
674 1552 781 1580 auro
798 1553 934 1593 nuper
951 1548 995 1581 et
1013 1549 1135 1593 ostro,

165 1601 321 1656 migret
338 1603 384 1644 in
402 1604 607 1644 obscuras
625 1605 780 1644 humili
800 1618 993 1646 sermone
1012 1607 1221 1658 tabernas,

1372 188 1471 238 ³⁰1

1383 370 1471 411 210

1382 696 1469 738 215

1376 1347 1463 1389 225

166 1668 268 1719 Aut,
288 1668 396 1709 dum
414 1669 521 1709 vitat
541 1670 738 1721 humum,
758 1672 896 1711 nubes
914 1678 958 1711 et
976 1672 1125 1712 inania
1142 1679 1296 1726 captet.
1374 1673 1461 1715 230

165 1732 349 1774 Effutire
366 1734 483 1774 levoe
501 1734 681 1788 indigna
700 1736 918 1789 tragoedia
936 1750 1099 1789 versus,

165 1798 226 1839 Ut
244 1798 363 1838 festis
381 1807 575 1840 matrona
594 1802 756 1841 moveri
768 1803 894 1855 jussa
910 1802 1076 1854 diebus,

167 1863 361 1903 Intererit
377 1865 544 1917 Satyris
562 1866 761 1918 paullum
779 1867 1036 1920 pudibunda
1053 1869 1270 1922 protervis.

166 1927 266 1968 Non
284 1941 366 1982 ego
382 1929 578 1970 inornata
594 1939 637 1971 et
656 1932 923 1973 dominantia
940 1935 1117 1975 nomina
1135 1935 1277 1976 solum

169 1993 401 2047 Verbaque,
421 1995 609 2047 Pisones»,
630 1997 883 2050 Satyrorum
902 2000 1078 2052 scriptor
1095 2001 1276 2055 amabo;

168 2059 259 2099 Nec
278 2061 339 2100 sic
357 2062 493 2102 enitar
510 2063 670 2116 tragico
689 2063 855 2104 differre
872 2065 1012 2116 colori,

167 2124 228 2166 Ut
245 2126 354 2166 nihil
372 2127 546 2180 intersit,
566 2129 775 2170 Davusne
795 2130 995 2183 loquatur
1011 2138 1055 2173 et
1072 2131 1221 2174 audax

168 2189 359 2242 Pythias,
380 2201 581 2234 emuncto
598 2195 763 2236 lucrata
781 2197 957 2238 Simone
975 2197 1197 2250 talentum,

171 2256 243 2296 An
261 2263 405 2296 custos
421 2256 698 2312 famulusque
716 2261 784 2302 dei
804 2262 978 2303 Silenus
997 2264 1176 2304 alumni.

170 2320 242 2360 Ex
261 2328 362 2361 noto
379 2321 531 2364 fictum
547 2336 719 2366 carmen
739 2339 906 2379 sequar,
926 2335 976 2368 ut
994 2330 1075 2370 sibi
1094 2330 1240 2382 quivis

1371 2001 1455 2042 235

1367 2327 1453 2367 240
