1612 2716
554 183 624 236 ὑπ.
654 201 784 235 Am
814 200 1030 236 Pomm.
1349 186 1447 239 307

111 306 280 362 Oppida
298 306 448 359 moliri,
469 306 584 360 leges
603 305 787 347 incidere
807 306 947 359 ligno:

110 373 182 414 Sic
202 373 334 414 honor
353 379 395 413 et
414 385 570 413 nomen
591 372 747 411 divinis
766 371 937 411 vatibus
957 376 1086 423 atque
1364 369 1449 410 400

111 438 383 478 Carminibus
403 437 530 477 venit.
590 437 691 476 Post
710 437 788 476 hos
807 436 985 488 insignis
1006 435 1219 475 Homerus

110 502 412 556 Tyrtaeusque
432 515 571 542 mares
592 502 758 542 animos
779 501 824 540 in
844 501 998 541 Martia
1018 499 1130 540 bella

111 567 312 607 Versibus
332 567 529 606 exacuit:
560 565 698 606 dictae
719 579 791 618 per
809 566 1002 605 carmina
1021 571 1163 615 sortes,

111 631 173 672 Et
192 631 304 671 vitae
324 637 557 671 monstrata
576 631 648 670 via
667 637 740 680 est,
762 636 804 670 et
823 630 958 683 gratia
977 641 1127 682 regum

111 696 258 736 Pieriis
278 702 438 735 tentata
458 694 606 746 modis,
628 694 841 747 ludusque
861 701 1058 746 repertus,
1371 691 1453 732 405

111 760 171 801 Et
189 760 413 813 longorum
432 772 609 812 operum
629 759 753 800 finis:
783 771 839 799 ne
858 759 963 800 forte
982 758 1132 811 pudori

110 825 177 867 Sit
196 826 271 866 tibi
290 826 418 866 Musa
438 825 556 877 lyrae
576 825 721 865 sollers
740 830 782 864 et
801 830 947 864 cantor
966 822 1128 876 Apollo.

111 889 277 931 Natura
311 888 431 930 fieret
457 888 672 930 laudabile
691 901 874 940 carmen,
895 901 952 929 an
972 896 1072 939 arte,

111 954 371 999 Quaesitum
390 961 466 994 est.
524 953 619 1006 Ego
638 966 717 993 nec
738 953 931 993 studium
949 953 1042 993 sine
1061 951 1192 992 divite
1211 964 1334 1004 vena,

114 1017 208 1059 Nec
227 1017 332 1058 rude
351 1018 455 1070 quid
474 1019 605 1070 possit
622 1017 748 1058 video
768 1018 1013 1071 ingenium:
1043 1018 1218 1058 alterius
1237 1018 1299 1058 sic
1368 1016 1454 1057 410

112 1083 258 1124 Altera
276 1083 410 1135 poscit
427 1094 550 1134 opem
569 1095 645 1132 res,
665 1089 707 1122 et
726 1084 917 1136 conjurat
936 1082 1085 1122 amice.

112 1148 207 1193 Qui
226 1147 367 1188 studet
386 1154 573 1199 optatam
592 1159 721 1187 cursu
740 1148 982 1199 contingere
1002 1152 1174 1197 metam,

115 1213 255 1254 Multa
276 1212 373 1252 tulit
392 1211 574 1263 fecitque
594 1224 720 1263 puer3
752 1210 925 1250 sudavit
943 1218 985 1250 et
1004 1210 1114 1261 alsit,

115 1277 332 1318 Abstinuit
351 1289 503 1316 venere
523 1282 565 1315 et
584 1276 696 1315 vino.
753 1276 846 1319 Qui
867 1275 1025 1327 Pythia
1043 1281 1190 1315 cantat

115 1343 309 1392 Tibicen,
331 1340 478 1380 didicit
496 1341 624 1392 prius,
645 1340 926 1392 extimuitque
946 1340 1211 1391 magistrum.
1372 1339 1455 1380 415

115 1407 206 1448 Nec
227 1406 329 1446 satis
348 1411 412 1444 est
431 1404 614 1444 dixisse:
646 1404 741 1457 Ego
761 1405 868 1444 mira
887 1411 1086 1456 poemata
1104 1415 1256 1457 pango,

115 1471 308 1523 Occupet
327 1476 566 1510 extremum
587 1468 774 1520 scabies3
805 1468 911 1508 mihi
932 1475 1052 1520 turpe
1071 1468 1254 1520 relinqui
1272 1474 1348 1519 est,

115 1536 185 1587 Et,
205 1534 321 1588 quod
340 1546 427 1575 non
447 1533 586 1584 didici,
607 1546 711 1573 sane
730 1533 890 1573 nescire
910 1533 1042 1573 fateri.

115 1600 175 1641 Ut
193 1611 354 1652 praeco,
375 1598 431 1638 ad
450 1611 610 1638 merces
631 1598 799 1637 turbam
819 1597 895 1649 qui
914 1597 1026 1650 cogit
1045 1597 1259 1649 emendas,

116 1665 407 1706 Assentatores
421 1664 542 1717 Jubet
561 1662 617 1703 ad
636 1663 806 1703 lucrum
824 1663 882 1702 ire
901 1669 1027 1714 poeta
1371 1660 1457 1702 420

117 1729 250 1770 Dives
270 1729 392 1782 agris,
413 1728 533 1768 dives
552 1728 697 1782 positis
717 1728 762 1768 in
782 1727 949 1768 foenore
969 1726 1171 1768 nummis

117 1794 165 1835 Si
183 1806 282 1834 vero
302 1799 376 1843 est,
397 1799 578 1833 unctum
596 1793 672 1845 qui
691 1798 800 1832 recte
819 1804 972 1845 ponere
993 1792 1134 1844 possit,

118 1857 178 1898 Et
196 1857 399 1909 spondere
418 1856 503 1896 levi
522 1869 596 1909 pro
614 1869 808 1909 paupere,
830 1862 872 1896 et
890 1856 1047 1908 eripere
1068 1856 1170 1896 atris

118 1921 286 1962 Litibus
306 1921 584 1974 implicitum3
614 1921 806 1972 mirabor,
826 1921 863 1960 si
882 1921 986 1962 sciet
1004 1921 1127 1960 inter-

119 1985 303 2027 Noscere
321 1985 574 2026 mendacem
593 1997 826 2037 verumque
845 1986 996 2025 beatus
1016 1985 1216 2026 amicum.
1373 1984 1458 2026 425

120 2049 206 2100 Tu,
228 2062 304 2090 seu
322 2049 491 2090 donaris
511 2061 589 2090 seu
607 2048 712 2102 quid
732 2049 889 2089 donare
907 2049 1025 2090 voles
1044 2049 1126 2100 cui,

120 2113 262 2155 Nolito
282 2113 338 2154 ad
357 2126 504 2154 versus
523 2114 599 2154 tibi
617 2113 751 2154 factos
771 2113 923 2154 ducere
943 2114 1119 2166 plenum

119 2178 327 2219 Laetitiae
343 2192 353 2230 3
384 2179 586 2218 clamabit
604 2179 742 2219 enim:
773 2179 980 2221 Pulchxe!
1039 2179 1179 2220 Bene!
1237 2178 1393 2220 Recte!
1432 2199 1437 2203 ·

121 2243 330 2284 Pallescet
350 2254 474 2294 super
492 2242 572 2292 his,
592 2243 722 2283 etiam
740 2244 914 2284 stillabit
934 2244 1082 2284 amicis

121 2308 194 2349 Ex
213 2306 347 2348 oculis
365 2318 511 2358 rorem,
531 2306 664 2357 saliet,
684 2307 835 2348 tundet
852 2308 959 2361 pede
978 2314 1144 2350 terram.
1371 2305 1457 2346 430

678 2453 758 2487 410.
779 2455 888 2494 m
