1650 2730
458 153 708 187 mmm.
773 151 1027 186 dxxvm.
1313 134 1409 187 10¹1

293 257 468 300 Terruit
485 268 679 297 mannos.
735 255 831 308 Ego
848 255 921 295 cui
940 253 1109 306 timebo,

403 321 613 363 Providus
632 333 808 373 auspex,

296 452 540 503 Antequam
562 457 723 489 stantes
741 455 902 502 repetat
920 447 1102 502 paludoe

297 516 503 556 Imbrium
522 514 670 554 divina
689 515 783 554 avis
803 514 1116 564 imminentsnn,
1362 513 1417 553 10

296 581 498 621 Oscinem
518 591 695 619 corvum
714 591 836 631 prece
856 578 1071 619 suscitabo

408 644 520 686 Solis
539 644 594 684 ab
613 651 719 684 ortu.

297 773 367 814 Sis
386 772 483 813 licet
502 771 618 824 felix,
639 773 886 825 ubicunque
905 773 1057 824 mavis,

298 838 358 878 Et
377 850 538 878 memor
556 838 696 888 nostri,
719 837 909 889 Galatea,
932 839 1066 889 vivas,

299 903 452 956 Teque
472 916 551 943 nec
573 903 721 942 laevus
743 909 855 943 vetet
873 903 932 943 ire
951 903 1075 956 picus
1366 901 1419 943 15

409 968 500 1008 Nee
519 981 632 1020 vaga
650 968 809 1008 cornix.

300 1095 387 1136 Sed
406 1095 537 1146 vides,
558 1103 720 1148 quanto
740 1097 916 1149 trepidet
934 1097 1125 1137 tumultu

301 1160 466 1200 Pronus
486 1160 628 1200 Orion.
686 1161 782 1213 Ego
799 1162 906 1213 quid
925 1162 980 1201 sit
999 1168 1088 1201 ater

301 1224 488 1264 Hadriae
508 1225 608 1263 novi
628 1225 759 1276 sinus,
780 1232 822 1265 et
840 1225 945 1278 quid
964 1226 1090 1266 albus

413 1289 566 1329 Peccet
586 1289 740 1341 Iapyx.
1366 1289 1425 1330 20

301 1417 503 1458 Hostium
521 1430 676 1458 uxores
696 1418 901 1471 puerique
919 1431 1070 1459 caecos

303 1485 499 1526 Sentiant
518 1491 659 1524 motus
678 1485 848 1524 orientis
867 1485 1024 1536 Austri,
1045 1490 1089 1524 et

301 1550 509 1602 Aequoris
527 1549 638 1602 nigri
657 1548 884 1600 fremitum,
904 1556 947 1589 et
965 1555 1193 1591 trementes

414 1603 593 1654 Verbere
612 1615 736 1667 ripas.

302 1743 373 1784 Sic
392 1750 434 1783 et
452 1743 623 1796 Europe
642 1744 819 1783 niveum
837 1743 983 1783 doloso
1364 1743 1423 1784 25

304 1807 492 1847 Credidit
511 1815 633 1848 tauro
653 1808 777 1858 latus,
798 1814 841 1847 et
860 1813 1095 1848 scatentem

302 1872 464 1912 Belluis
483 1878 663 1924 pontum
682 1871 930 1924 mediasque
948 1871 1120 1912 fraudes

413 1937 573 1977 Palluit
591 1937 750 1977 audax.

305 2053 453 2106 Nuper
470 2055 516 2095 in
534 2056 666 2108 pratis
686 2055 876 2095 studiosa
895 2054 1050 2096 florum
1068 2061 1112 2096 et

307 2117 485 2159 Debitae
504 2121 719 2172 Nymphis
739 2120 880 2172 opifex
900 2133 1089 2172 coronae,
1367 2119 1424 2161 30

308 2181 441 2221 Nocte
460 2185 662 2224 sublustri
681 2185 788 2224 nihil
808 2192 922 2225 astra
939 2192 1102 2238 praeter

419 2247 535 2287 Vidit
552 2256 595 2288 et
613 2249 763 2289 undas.

176 2362 208 2395 ’1.
231 2372 286 2395 cur
299 2364 417 2395 timebo
429 2376 438 2401 ς
459 2365 531 2406 Ego
543 2366 778 2407 quid-auspex
788 2369 803 2399 ³
880 2369 928 2399 15.
952 2374 1049 2399 vetat.
1119 2369 1167 2399 17.
1189 2367 1335 2407 trepidat.

348 2415 401 2447 22.
422 2417 509 2449 nari.
594 2418 649 2456 23,
661 2418 716 2451 24.
738 2422 902 2452 mensu
916 2420 1053 2451 Verbera
1067 2421 1165 2459 ripae.
