1650 2730
203 190 304 245 146.

317 2423 349 2462 3.
365 2435 420 2461 aut
435 2427 521 2467 quid,
532 2426 684 2458 Orellius.
735 2426 785 2455 11.
802 2429 969 2455 tremente.
1017 2422 1066 2453 15.
1083 2421 1216 2460 illigata.
1264 2419 1314 2452 18.
1330 2425 1505 2458 caprano·-

777 191 975 226 EPODON

368 302 492 350 Quid
512 302 590 342 iste
609 299 689 341 fert
708 298 920 339 tumultus
933 297 953 337 ’ἒ
982 302 1025 337 et
1043 294 1150 350 quid
1168 291 1365 337 omnium
1438 313 1441 315 ·

425 367 583 409 Vultus
603 366 649 406 in
671 377 811 405 unum
831 376 901 403 me
921 369 1061 402 truces
1073 361 1093 402 ’.ῑ

370 435 452 476 Per
471 433 622 473 liberos
643 437 695 481 te,
718 430 754 469 si
774 434 928 468 vocata
949 427 1158 480 partubus

429 498 598 539 Lucina
616 495 727 536 veris
749 493 883 544 affuit,

373 566 454 606 Per
473 564 555 603 hoc
576 563 704 602 inane
725 571 937 613 purpurae
959 557 1091 598 decus
1114 568 1270 609 precor,

430 630 511 670 Per
530 627 872 680 improbaturum
891 625 998 664 haec
1019 623 1183 673 Jovem,

373 695 497 741 Quid
517 701 565 734 ut
584 702 768 733 noverca
788 704 857 730 me
878 688 1070 739 intueris,
1092 693 1168 728 aut
1187 686 1252 728 uti

432 760 571 801 Petita
590 758 696 798 ferro
716 756 860 797 bellua
871 755 914 795 ‘3²'

374 826 434 867 Ut
453 826 561 865 haec
582 822 778 863 trementi
798 827 976 874 questus
995 832 1065 860 ore
1085 817 1278 859 constitit

433 889 680 942 Insignibus
699 886 830 940 raptis
850 899 966 938 puer,

378 956 559 1009 Impube
579 965 744 1006 corpus,
765 951 894 1004 quale
913 956 1056 1004 posset
1075 949 1208 1003 impia

439 1020 606 1061 Mollire
626 1018 854 1059 Thracum
873 1021 1068 1069 pectora;

381 1084 577 1135 Canidia,
598 1083 800 1124 brevibus
819 1081 1039 1134 implicata
1058 1078 1216 1133 viperis

439 1151 589 1191 Crines
609 1155 652 1189 et
671 1150 938 1200 incomptum
957 1150 1100 1199 caput,

383 1216 513 1258 Jubet
534 1214 739 1268 sepulcris
759 1211 982 1265 caprificos
1002 1216 1157 1262 erutas,

440 1282 466 1322 J
468 1282 570 1328 ubet
588 1291 816 1333 cupressus
836 1277 1045 1327 funebres,

385 1348 445 1388 Et
468 1353 598 1387 uncta
618 1346 752 1398 turpis
772 1357 856 1384 ova
875 1355 1007 1383 ranae
1027 1340 1239 1394 sanguine

442 1413 731 1463 Plumamque
750 1414 984 1449 nocturnae
1005 1406 1145 1460 strigis

386 1478 655 1528 Herbasque,
676 1487 786 1527 quas
806 1473 943 1513 Iolcos
964 1477 1093 1524 atque
1113 1470 1291 1510 Hibena

445 1542 587 1592 Mittit,
610 1530 875 1579 venenorum
895 1536 1028 1587 ferax,

389 1607 449 1647 Et
468 1619 565 1646 ossa
585 1605 641 1645 ab
660 1617 730 1644 ore
749 1609 872 1656 rapta
887 1603 1058 1655 jejunae
1078 1599 1199 1640 canis

446 1670 658 1712 Flammis
678 1669 801 1709 aduri
822 1667 1045 1707 Colchicis.

392 1736 449 1775 At
469 1734 669 1787 expedita
689 1733 876 1784 Sagana,
898 1743 971 1783 per
990 1735 1124 1768 totam
1145 1727 1324 1768 domum

450 1800 664 1851 Spargens
686 1796 921 1836 Avernales
942 1807 1091 1846 aquas,

396 1865 549 1904 Horret
569 1862 736 1915 capillis
757 1868 805 1901 ut
826 1861 1017 1900 marinus
1038 1858 1198 1911 asperis

451 1929 650 1969 Echinus
671 1934 746 1967 aut
766 1939 940 1967 currens
960 1939 1071 1978 aper.

397 1995 562 2035 Abacta
582 1993 706 2033 nulla
727 1992 832 2032 Veia
852 1991 1122 2040 conscientia,

455 2059 691 2111 Ligonibus
713 2057 830 2096 duris
850 2057 1037 2095 humum

401 2123 710 2172 Exhauriebat,
732 2122 954 2173 ingemens
973 2118 1200 2168 laboribus,

456 2189 558 2232 Quo
578 2193 719 2239 posset
739 2184 924 2224 infossus
944 2196 1049 2235 puer

399 2255 549 2305 Longo
570 2252 637 2291 die
658 2251 723 2291 bis
744 2257 887 2301 terque
908 2254 1097 2288 mutatae
1118 2247 1241 2299 dapis

396 2361 399 2365 ,
458 2317 641 2358 Inemori
661 2314 912 2368 spectaculo,

564 2479 617 2510 21.
641 2484 707 2511 aut.
751 2477 805 2508 25.
829 2476 981 2516 expetita.
1026 2473 1078 2506 33.
1100 2474 1151 2505 bis
1166 2481 1265 2504 terve.

1509 749 1564 792 10

1514 1075 1570 1118 15
