1650 2730
155 172 217 217 22

697 174 962 211 CARMINUM

466 282 662 325 Manabit
682 282 736 321 ad
758 281 937 334 plenum
958 279 1142 331 benigno
1469 282 1523 324 15

521 348 650 389 Ruris
670 347 880 387 honorum
900 344 1104 398 opulenta
1123 353 1269 384 cornu.

409 479 492 520 Hic
513 479 558 518 in
578 477 754 518 reducta
773 476 887 516 valle
909 474 1147 515 Caniculae

411 544 576 585 Vitabis
597 550 753 593 aestus,
776 549 818 581 et
839 540 923 580 fide
945 540 1057 580 Teia

468 610 596 650 Dices
618 608 858 648 laborantes
880 607 923 646 in
945 619 1030 646 uno

523 673 765 726 Penelopen
787 672 1053 723 vitreamque
1076 670 1240 710 Circen.
1465 672 1522 713 20

411 792 496 835 Hic
517 793 755 834 innocentis
775 791 931 845 pocula
950 791 1096 831 Lesbii

412 859 559 900 Duces
581 859 662 898 sub
682 859 835 898 umbra
853 871 861 897 ε
893 869 972 897 nec
994 855 1234 897 Semeleius

470 924 585 965 Cum
606 924 742 963 Marte
761 922 996 962 confundet
1016 921 1261 974 Thyoneus

522 986 700 1040 Proelia,
722 1001 802 1028 nec
823 994 988 1028 metues
1008 992 1254 1040 protervum

412 1118 623 1171 Suspecta
643 1118 819 1171 Cyrum,
841 1130 895 1157 ne
916 1116 1030 1156 male
1051 1115 1210 1169 dispari
1459 1115 1514 1156 25

413 1183 732 1224 Incontinentes
753 1182 914 1236 injiciat
933 1193 1103 1232 manus,

471 1248 532 1288 Et
552 1248 721 1288 scindat
740 1248 989 1287 haerentem
1008 1257 1211 1286 coronam

527 1313 739 1364 Crinibus,
761 1313 1104 1364 immeritamque
1124 1316 1301 1350 vestem.

759 1500 916 1507 —n-———-

616 1636 854 1676 OARMEN
893 1636 1059 1675 XVIII,

422 1759 497 1786 AD
539 1759 981 1789 QUINCTILIUM
1023 1761 1258 1790 VARUM.

213 1863 404 1914 Nullam,
428 1863 547 1913 Varo,
571 1876 692 1903 sacra
712 1863 797 1903 vite
818 1863 934 1916 prius
956 1864 1114 1903 severis
1135 1864 1328 1905 arborem

160 1929 284 1969 Circa
304 1929 405 1967 mite
427 1928 567 1967 solum
589 1928 765 1968 Tiburis
787 1935 829 1968 et
849 1929 1020 1968 moenia
1041 1928 1181 1969 Catili.

160 1993 294 2034 Siccis
314 1993 458 2032 omnia
479 2006 580 2032 nam
603 1993 711 2033 (lura
731 1993 838 2034 deus
860 1995 1087 2047 proposuit,
1109 2006 1251 2046 neque

160 2057 383 2098 Mor-daces
405 2058 525 2096 alitor
546 2058 778 2110 diffugiunt
798 2059 1119 2099 sollicitudines

160 2123 275 2167 Quis
291 2129 383 2174 post
398 2123 501 2161 vina
517 2135 693 2174 gravem
709 2124 908 2164 militiam
923 2131 1000 2164 aut
1015 2123 1262 2177 pauperiem
1277 2128 1420 2176 crepat
1430 2122 1451 2164 ’.ἲ
1484 2123 1512 2164 5

161 2187 274 2232 Quis
294 2199 381 2226 non
402 2193 441 2225 te
462 2186 614 2238 potiUS,
637 2188 806 2227 Bacche
828 2195 955 2240 pater,
978 2195 1118 2241 teque,
1135 2188 1293 2228 decens
1314 2187 1492 2229 Venus?

161 2252 218 2291 At
238 2263 291 2291 ne
311 2251 408 2303 quis
429 2250 584 2290 modici
605 2242 814 2291 traflsiliat
834 2265 1012 2292 munera
1033 2253 1185 2304 Liberi,

161 2316 403 2373 Centaurea
421 2321 565 2355 monet
583 2327 686 2355 cum
706 2316 904 2368 Lapithis
924 2318 1019 2357 rixa
1038 2331 1165 2371 super
1182 2329 1300 2358 mero

347 2442 402 2477 25.
425 2453 497 2477 nec.
671 2443 710 2476 C.
727 2445 814 2476 xviii.
831 2445 862 2476 5.
885 2445 1039 2484 increpat.
1214 2446 1246 2479 7.
1268 2455 1318 2479 ω.
