1650 2730
531 199 784 235 mmm.
849 199 991 234 απ.
1361 187 1426 245 w

335 303 534 347 Tentabo
553 309 596 344 et
614 310 785 344 urentes
803 315 956 345 arenas

389 369 544 410 Litoris
563 368 730 422 Assyrii
749 369 895 410 viator.

279 498 429 540 Visam
447 497 675 539 Britannos
695 497 935 551 hospitibus
954 497 1075 550 feros,

278 563 339 604 Et
357 563 517 603 laetum
536 563 693 615 equino
712 563 923 616 sanguine
944 563 1211 615 Concanum,

333 627 482 669 Visam
501 628 783 681 pharetratros
803 627 988 668 Gelonos
1368 626 1424 669 35

388 693 448 734 Et
466 693 721 746 Scythicum
741 693 972 734 inviolatus
992 705 1178 735 amnem.

277 833 364 874 Vos
385 833 612 874 Caesarem
630 833 779 885 altum,
799 833 954 874 militia
973 833 1103 875 simul

278 899 436 940 Fessas
455 899 646 939 cohortes
666 898 828 939 abdidit
847 899 1024 952 oppidis,

333 964 478 1005 Finire
497 970 772 1016 quaerentem
792 964 967 1017 labores,

391 1029 526 1069 Pierio
546 1029 741 1070 recreatis
761 1036 892 1070 antro.
1366 1027 1424 1070 40

278 1167 364 1208 Vos
383 1166 478 1206 lene
497 1167 724 1207 consilium
743 1174 785 1207 et
804 1167 926 1219 datis,
948 1173 991 1207 et
1009 1167 1111 1207 dato

277 1231 494 1282 Gaudetis,
517 1231 668 1271 almae.
726 1232 908 1281 Scimus,
930 1238 978 1271 ut
997 1231 1149 1284 impios

331 1296 516 1337 Titanas
536 1296 854 1348 immanemque
875 1302 1062 1337 turmam

386 1361 590 1402 Fulmine
611 1361 828 1401 sustulerit
846 1360 1021 1413 caduco,

276 1500 369 1546 Qui
388 1506 543 1540 terram
562 1500 751 1551 inertem,
773 1500 849 1553 qui
868 1513 986 1540 mare
1005 1506 1213 1554 temperat
1364 1501 1421 1544 45

274 1565 522 1615 Ventosum,
543 1571 585 1604 et
605 1566 730 1604 urbes
751 1578 968 1617 regnaque
988 1566 1124 1607 tristia

330 1630 550 1682 Divosque
570 1629 853 1682 mortalesque
873 1630 1020 1670 turbas

386 1694 566 1748 Imperio
586 1695 692 1748 regit
711 1707 826 1738 unus
846 1707 996 1748 aequo.

276 1834 488 1887 Magnum
506 1835 581 1875 illa
600 1840 792 1876 terrorem
815 1834 1016 1882 intulerat
1034 1835 1132 1876 Jovi

277 1899 436 1940 Fidens
450 1901 657 1954 juventus
678 1899 848 1940 horrida
868 1900 1064 1953 brachiis,
1363 1901 1420 1942 50

333 1965 587 2018 Fratresque
607 1965 828 2005 tendentes
846 1977 979 2018 opaco

371 2022 535 2071 'Pelion
554 2029 806 2083 imposuisse
827 2029 1029 2083 Olympo.

279 2167 366 2209 Sed
384 2168 487 2220 quid
506 2169 745 2222 Typhoeus
764 2175 807 2209 et
825 2168 996 2210 validus
1017 2169 1187 2222 Mimas,

278 2232 368 2272 Aut
386 2232 490 2285 quid
509 2233 667 2274 minaei
686 2233 952 2287 Porphyrion
972 2239 1098 2285 statu,

212 2361 267 2394 31.
290 2365 427 2392 arentes.
563 2361 616 2393 37.
641 2363 814 2395 Caesarem
830 2364 929 2396 altum
947 2363 1149 2414 (educatum)
1165 2361 1291 2394 militia.

324 2413 378 2445 38.
402 2412 535 2451 addidit,
550 2415 712 2451 Ονεῑῑίιιη
734 2415 880 2448 reddidit.
966 2416 1021 2447 43.
1045 2415 1179 2446 turbam.

649 2467 703 2501 47,
725 2473 855 2499 turmas.
