1650 2730
245 205 342 274 134
776 216 1044 251 ommim

410 321 656 362 Immunem
677 320 856 361 meditor
874 322 1035 375 tingere
1054 321 1230 375 poculis,

521 386 655 426 Plena
674 386 795 426 dives
817 393 864 427 ut
883 387 928 427 in
948 386 1087 428 domo.

407 517 567 557 Verum
587 529 696 569 pone
717 529 859 557 moras
879 523 922 557 et
941 517 1136 558 studium
1156 516 1263 557 lucri
1281 531 1290 569 ;

406 582 718 635 Nigrorumque
739 595 910 633 memor,
932 582 1038 622 dum
1059 582 1167 634 licet,
1188 582 1367 635 ignium,

405 647 540 687 Misce
561 648 786 687 stultitiam
806 647 993 687 consiliis
1013 648 1197 688 brevem.

518 713 656 753 Dulce
675 719 740 753 est
759 713 948 766 desipere
967 714 1013 754 in
1033 713 1136 754 loco.

710 1079 952 1120 GARMEN
988 1078 1114 1118 XIII.

751 1210 816 1239 [N
857 1210 1085 1238 LYCEN.

433 1325 667 1379 Audivere‚'
681 1326 812 1381 Lyce,
833 1327 879 1368 di
898 1339 998 1368 mea
1015 1332 1139 1379 vota3
1157 1325 1204 1366 di

436 1393 660 1444 Audivere,
682 1393 824 1446 Lyce:
856 1392 910 1433 fis
930 1405 1054 1444 anus,
1075 1398 1118 1433 et
1137 1398 1283 1434 tamen

488 1459 564 1500 Vis
586 1458 769 1498 formosa
787 1458 933 1509 videri,

545 1523 768 1576 Ludisque
788 1529 831 1563 et
850 1522 959 1563 bibis
978 1520 1221 1575 impudens,

438 1653 493 1693 Et
511 1659 643 1693 cantu
663 1652 845 1692 tremulo
865 1658 965 1705 pota
985 1651 1244 1704 Cupidinem

434 1719 621 1761 Lentum
641 1717 855 1757 sollicitas.
915 1716 993 1757 Ille
1012 1717 1188 1757 virentis
1206 1722 1250 1757 et

489 1784 652 1824 Doctae
671 1782 850 1835 psallere
871 1782 1007 1822 Chiae

544 1847 742 1888 Pulchris
761 1847 947 1888 excubat
966 1847 1011 1888 in
1031 1847 1164 1901 genis.

432 1977 706 2030 Importunas
726 1977 843 2018 enim
862 1977 1099 2018 transvolat
1117 1977 1260 2017 aridas

430 2043 644 2094 Quercus,
665 2050 708 2083 et
726 2042 882 2096 refugit
901 2050 953 2094 te,
974 2043 1079 2095 quia
1097 2041 1226 2083 luridi

486 2108 649 2148 Dentes
669 2114 721 2159 te,
742 2108 845 2160 quia
864 2120 995 2160 rugae

542 2172 743 2225 Turpant
761 2178 804 2213 et
822 2172 973 2225 capitis
992 2171 1129 2212 nives.

366 2354 369 2358 Ι
430 2301 522 2343 Nec
543 2301 656 2342 Coae
676 2300 862 2341 referunt
875 2302 967 2354 jam
987 2301 1062 2342 tibi
1082 2313 1296 2355 purpurae

431 2366 522 2408 Nec
542 2366 646 2407 clari
666 2365 830 2419 lapides
850 2371 1050 2419 tempora,
1071 2379 1183 2419 quae
1203 2363 1334 2408 semel

763 2495 802 2528 C.
818 2497 884 2529 xiii
903 2497 954 2529 14.
977 2497 1054 2529 cari.

1409 0 1434 27 ''ss'
1442 0 1549 29 ,V'WJ
1638 0 1650 5 ''

1441 34 1445 49 1

1529 2042 1584 2083 10
