1650 2730
205 141 269 188 98

737 149 1059 187 oAmmWM,

681 316 921 357 GARMEN
958 316 1076 356 XIX.

629 437 701 464 An
749 437 1133 464 TELEPHUM.

371 544 603 588 Quantum
623 543 749 583 distet
769 543 824 582 ab
843 542 1006 582 Inacho

427 607 604 658 Codrus,
626 620 699 660 pro
720 607 857 659 patria
876 620 964 647 non
984 606 1161 647 timidus
1181 606 1299 659 mori,

371 672 541 723 Narras,
563 678 605 712 et
624 685 760 725 genus
781 672 912 711 Aeaci

428 737 488 776 Et
507 743 700 789 pugnata
720 749 839 776 sacro
859 736 971 776 bella
991 735 1072 776 sub
1092 735 1195 776 Ilio:

370 802 474 846 Quo
494 802 656 841 Chium
675 801 806 853 pretio
827 800 986 840 cadum

428 866 677 916 Mercemur,
700 866 796 917 quis
817 877 979 916 aquam
1000 870 1202 917 temperet
1220 863 1404 917 igmbus,

371 930 474 974 Quo
494 930 720 982 praebente
740 929 918 969 domum
937 934 979 968 et
998 935 1131 981 quota

427 993 616 1046 Pelignis
635 1006 806 1034 caream
824 992 1059 1046 frigoribus,
1081 999 1209 1034 taces.

374 1059 445 1099 Da
464 1059 616 1099 Lunae
636 1071 808 1111 propere
827 1070 978 1109 novae,

427 1124 498 1163 Da
518 1123 665 1163 Noctis
684 1123 863 1174 mediae,
884 1122 951 1174 da,
972 1134 1088 1175 puer,
1109 1122 1287 1176 auguris

375 1188 605 1228 Murenae:
637 1188 771 1228 tribus
791 1194 868 1228 aut
886 1200 1044 1228 novem

428 1253 664 1292 Miscentur
681 1253 851 1305 cyathis
870 1252 1026 1305 pocula
1044 1251 1292 1293 commodis.

373 1317 466 1362 Qui
487 1317 638 1357 Musas
658 1323 777 1357 amat
795 1318 990 1370 impares,

428 1382 596 1422 Temos
617 1388 679 1421 ter
697 1382 878 1434 cyathos
899 1382 1102 1422 attonitus
1122 1387 1236 1434 petet

375 1446 528 1485 Vates:
559 1452 642 1485 tres
662 1447 856 1498 prohibet
876 1459 1006 1498 supra

427 1511 641 1550 Rixarum
660 1516 856 1550 metuens
877 1517 1049 1563 tangere
1069 1510 1218 1550 Gratia

374 1574 515 1615 Nudis
529 1576 680 1627 juncta
701 1576 923 1615 sororibus.

429 1639 621 1678 Insanire
635 1641 761 1692 juvat
778 1654 787 1679 ε
818 1653 894 1680 cur
913 1639 1192 1692 Berecyntiae

376 1703 558 1743 Cessant
578 1703 756 1743 flamina
775 1705 903 1744 tibiae
915 1705 934 1744 ’.ῑ

430 1769 519 1808 Cur
538 1768 693 1821 pendet
713 1769 842 1808 tacita
862 1769 1008 1809 fistula
1027 1781 1130 1809 cum
1149 1768 1275 1822 lyra?

374 1832 603 1872 Parcentes
623 1846 703 1885 ego
724 1833 921 1873 dexteras

429 1896 540 1936 Odi:
572 1910 721 1950 sparge
742 1911 885 1938 rosas:
917 1898 1066 1938 audiat
1085 1897 1260 1937 invidus

376 1961 631 2002 Dementem
652 1964 874 2015 strepitum
893 1963 1041 2015 Lycus

428 2026 487 2065 Et
506 2027 649 2066 vicina
669 2028 759 2067 seni
779 2040 866 2067 non
886 2027 1040 2066 habilis
1060 2026 1192 2078 Lyco,

375 2089 524 2141 Spissa
545 2097 584 2130 te
605 2092 792 2131 nitidum
812 2103 947 2140 coma,

358 2191 367 2200 ,
430 2154 543 2193 Puro
564 2161 604 2193 te
625 2155 820 2204 similem,
842 2154 1044 2206 Telephe,
1067 2153 1264 2206 Vespero,

374 2218 653 2270 Tempestiva
672 2219 775 2270 petit
794 2218 945 2258 Rhode
963 2232 972 2258 :

430 2282 502 2322 Me
522 2282 663 2322 lentus
683 2282 890 2335 Glycerae
910 2289 1035 2323 torret
1054 2295 1173 2322 amor
1190 2294 1323 2323 meae.

511 2409 551 2443 C.
566 2411 633 2442 xix.
651 2412 680 2442 1.
704 2410 812 2442 distat.
985 2410 1035 2442 12.
1061 2410 1248 2443 Miscentur.

1501 1121 1555 1162 10

1499 1445 1553 1486 15
