1650 2730
553 206 730 247 m
766 206 907 247 an.
1303 190 1401 251 ιώ

222 314 359 362 Quod
376 315 415 356 si
431 314 592 369 pudica
608 315 764 356 mulier
781 315 828 357 in
846 315 1149 371 partemjuvet

279 381 472 422 Domum
490 387 620 433 atque
639 380 972 432 dulces-liberos,
1344 381 1403 422 40

223 445 386 487 Sabina
404 445 544 498 qualis
563 452 641 485 aut
655 452 830 498 perusta
848 445 1011 487 solibus

283 510 471 554 pernicis
489 522 599 551 uxor
615 510 760 563 Apuli,

224 575 407 616 Sacrum
426 575 606 614 vetustis
625 581 819 615 exstruat
837 574 966 628 lignis
985 574 1144 627 focum,

281 639 407 680 Lassi
425 639 507 680 sub
525 639 763 679 adventum
781 639 872 690 viri,

226 703 531 756 claudensque
551 705 681 744 textis
699 704 887 745 cratibus
906 704 1069 746 laetum
1085 717 1231 758 pecus,
1352 703 1407 744 45

283 769 481 810 Distenta
501 769 630 809 siccet
649 769 792 820 ubera,

227 833 290 875 Et
307 834 444 875 horna
461 833 579 874 dulci
598 835 702 875 vina
720 847 919 888 promens
938 833 1066 886 dolio,

282 899 429 952 Dapae
448 899 659 952 inemptas
677 906 876 952 apparet:

230 962 330 1003 Non
349 976 419 1003 me
437 963 630 1006 Lucrina
640 965 832 1018 juverint
849 963 1081 1017 conchylia

285 1027 482 1080 Magisve
500 1028 706 1069 rhombus
724 1035 803 1068 aut
820 1029 942 1079 scari,
1354 1027 1411 1068 50

233 1090 282 1131 Si
299 1103 408 1142 quos
426 1091 514 1130 eois
533 1091 727 1132 intonata
746 1091 950 1132 fluctibus

287 1154 441 1194 Hiems
458 1154 516 1194 ad
534 1155 616 1195 hoc
634 1162 773 1196 vertat
789 1168 932 1196 mare·
922 1187 933 1207 ,

232 1217 332 1259 Non
351 1217 456 1258 Afra
474 1219 569 1258 avis
587 1211 820 1259 descendat
837 1220 884 1260 in
902 1225 1099 1260 ventrmn
1115 1230 1277 1270 meum,

289 1283 389 1322 Non
408 1289 583 1336 attagen
600 1283 773 1323 Ionicus

234 1347 262 1388 J
262 1347 481 1397 ucundior,
501 1359 636 1399 quam
654 1347 765 1387 lecta
783 1346 838 1387 de
856 1347 1150 1400 pinguissimis
1355 1347 1411 1388 55

290 1411 420 1452 Oliva
437 1412 568 1452 ramis
586 1412 796 1463 arborum,

234 1476 325 1516 Aut
343 1477 475 1517 herba
495 1476 659 1530 lapathi
677 1483 801 1530 prata
818 1476 1006 1518 amantis
1024 1483 1069 1518 et
1085 1476 1210 1530 gravi

291 1541 464 1582 malvae
483 1541 675 1582 salubres
693 1541 865 1594 corpori,

235 1605 314 1647 Vel
333 1619 449 1659 agna
466 1606 584 1647 festis
602 1619 731 1647 caaea
748 1605 1082 1657 Terminalibus,

290 1671 369 1711 Vel
386 1671 553 1711 haedus
571 1678 739 1725 ereptus
756 1671 871 1724 lupo.
1356 1669 1414 1710 60

237 1735 331 1776 Has
349 1736 457 1776 inter
474 1736 628 1789 epulas
647 1742 697 1776 ut
707 1737 836 1790 juvat
851 1741 998 1789 pastas
1015 1747 1120 1776 oves

293 1800 443 1841 Videre
460 1807 730 1854 properantes
748 1800 939 1852 domum,

239 1864 390 1905 Videre
408 1864 542 1904 fessos
561 1877 779 1905 vomerem
795 1865 1017 1907 inversum
1032 1864 1165 1905 bovoe

292 1929 414 1968 Collo
434 1930 648 1970 trahentes
666 1929 883 1983 languido,

238 1992 488 2045 Positosque
506 2007 674 2045 vernas,
694 1993 794 2034 ditis
813 2006 998 2034 examen
1017 1992 1184 2045 domus,
1358 1992 1414 2032 65

296 2057 468 2097 Circum
486 2058 726 2098 renidentes
745 2058 904 2098 Larae!

241 2118 361 2158 Haec
380 2121 455 2160 ubi
472 2121 641 2162 locutus
659 2122 894 2162 foenerator
911 2121 1109 2174 Alphius‚

296 2182 323 2222 J
323 2195 395 2221 am
407 2184 500 2235 jam
517 2185 689 2225 futurus
706 2186 903 2236 rusticus,

246 2245 432 2285 Omnem
451 2247 611 2300 redegit
627 2249 776 2290 Idibus
795 2249 1036 2302 pecuniam,

299 2310 481 2352 Quaerit
499 2311 701 2352 Calendis
717 2326 883 2365 ponere,
1358 2310 1415 2350 70

257 2435 671 2470 aem-mecvm
756 2439 954 2472 alnum
1046 2438 1245 2479 mmm
