1612 2716
131 111 227 157 286
625 122 966 157 ΕΡῙΒΤΟΒΑΒΠΜ
1016 139 1018 141 ,

129 227 322 279 Munera,
343 239 455 280 quae
475 227 613 268 multa
631 228 774 268 dantis
794 241 897 269 cum
918 228 1045 269 laude
1064 228 1265 282 tulenmt,

129 293 284 334 Dilecti
304 293 379 333 tibi
402 293 604 347 Virgilius
625 294 863 346 Variusque
884 301 1057 347 poetae;

130 359 219 400 Nec
241 359 378 412 magis
399 360 587 412 expressi
608 360 757 400 vultus
777 373 850 413 per
870 361 1037 400 ahenea
1057 361 1192 412 signa,

128 425 279 470 Quam
299 438 372 478 per
393 426 504 465 vatis
524 438 632 478 opus
653 439 790 465 mores
810 426 1029 478 animique
1050 427 1237 467 virorum

128 491 351 530 Clarorum
372 498 588 543 apparent.
653 492 742 532 Nec
764 505 978 532 sermones
998 505 1077 545 ego
1097 492 1272 533 mallem
1394 492 1480 533 250

128 556 340 608 Repentes
361 569 434 608 per
454 557 650 607 humum,
673 569 805 608 quam
826 569 892 596 res
913 569 1163 609 componere
1184 564 1337 610 gestas,

129 621 449 673 Terrarumque
470 622 576 661 situs
596 628 638 661 et
657 621 840 661 flumina
860 621 998 661 dicere
1019 629 1061 661 et
1081 635 1200 662 arces

129 686 348 726 Montibus
369 686 589 739 impositas
609 693 651 726 et
673 687 850 727 barbara
870 699 1012 740 regna,
1035 687 1205 740 tuisque

127 753 344 805 Auspiciis
364 760 502 793 totum
521 752 716 793 confecta
734 752 880 793 duella
900 766 972 806 per
990 753 1146 804 orbem,

129 818 413 870 Claustraque
433 818 655 859 custodem
676 819 794 871 pacis
814 819 1055 859 cohibentia
1075 819 1249 871 Janum‚
1394 820 1478 860 255

127 883 186 923 Et
207 883 478 924 formidatam
498 885 667 924 Parthis
688 892 729 924 te
749 884 935 937 principe
955 884 1153 935 Romam,

127 949 185 1000 Si,
202 956 416 1001 quantum
435 963 648 1003 cuperem,
664 962 833 1003 possem
848 963 1039 1003 quoque;
1057 949 1132 990 sed
1144 963 1286 1004 neque
1296 963 1479 1005 parvum

127 1015 311 1054 Carmen
334 1016 534 1068 majestas
553 1016 699 1068 recipit
720 1023 806 1067 tua,
827 1029 907 1056 nec
927 1029 1050 1057 meus
1070 1015 1202 1057 audet

126 1080 237 1120 Rem
258 1087 420 1120 tentare
439 1080 585 1133 pudor,
606 1093 741 1133 quam
762 1082 873 1122 vires
893 1082 998 1122 ferre
1017 1089 1226 1123 recusent.

127 1145 343 1187 Sedulitas
363 1153 520 1198 autem,
544 1147 672 1186 stulte
692 1160 823 1200 quem
844 1147 992 1201 diligit,
1014 1154 1162 1201 urget:
1392 1147 1479 1192 260

127 1211 360 1264 Praecipue
380 1224 483 1252 cum
503 1225 548 1252 se
567 1213 758 1253 numeris
777 1213 1052 1254 commendat
1072 1221 1114 1254 et
1133 1220 1247 1255 arte:

128 1277 267 1317 Discit
286 1278 402 1318 enim
422 1278 547 1318 citius
567 1279 847 1331 meminitque
868 1279 1069 1320 libentius
1089 1279 1208 1331 illud,

126 1343 259 1388 Quod
281 1344 379 1396 quis
398 1343 570 1395 deridet,
590 1357 723 1397 quarn
744 1344 860 1397 quod
879 1346 1029 1397 probat
1048 1352 1090 1385 et
1109 1351 1344 1385 veneratur.

125 1408 199 1449 Nil
219 1422 356 1449 moror
374 1409 575 1460 officium,
598 1409 713 1462 quod
734 1423 802 1450 me
823 1418 985 1463 gravat,
1007 1424 1058 1451 ac
1077 1423 1216 1464 neque
1236 1409 1336 1452 ficto

126 1474 178 1514 In
197 1475 317 1527 pejus
337 1474 463 1514 vultu
483 1475 659 1527 proponi
678 1487 825 1516 cereus
846 1489 1044 1528 usquam,
1390 1475 1475 1517 265

126 1539 216 1580 Nec
237 1553 366 1592 prave
387 1539 509 1579 factis
530 1540 719 1580 decorari
738 1541 930 1581 versibus
950 1548 1059 1593 opto,

125 1605 191 1645 Ne
210 1606 388 1645 rubeam
409 1605 558 1657 pingui
577 1605 761 1645 donatus
781 1618 967 1656 munere,
988 1612 1031 1645 et
1051 1617 1140 1645 una.

126 1670 240 1710 Cum
261 1671 458 1722 scriptore
478 1682 584 1720 meo,
605 1682 735 1721 capsa
755 1677 968 1721 porrectus
988 1676 1144 1722 aperta,

125 1734 302 1775 Deferar
322 1735 367 1774 in
387 1734 535 1774 vicum
555 1733 813 1774 vendentem
834 1735 935 1774 thus
957 1742 998 1775 et
1017 1734 1166 1776 odores

125 1799 184 1840 Et
203 1800 330 1853 piper,
351 1806 393 1840 et
412 1798 622 1853 quidquid
642 1799 799 1840 chartis
819 1801 1017 1842 amicitur
1035 1801 1201 1855 ineptis.
1387 1801 1473 1845 270

514 1930 590 1963 268-
615 1936 736 1970 opem.
823 1931 900 1963 2⁷0.
922 1933 1082 1972 mempffi,

471 2166 510 2218 Ἃ
521 2204 549 2216 ³
574 2198 794 2239 ⁴⁴ss⁷⁴v=
803 2206 827 2240 1⁴
836 2213 860 2239 ι
870 2205 961 2237 ‘ui-
971 2206 1004 2227 »κ
