1650 2730
212 142 277 194 ¹70

751 155 1016 189 CARMINUM

467 309 471 314 .
491 260 673 303 Sortitur
692 260 881 312 insignes
902 266 943 299 et
965 260 1097 311 imos;

548 326 689 367 Omne
709 338 848 378 capax
869 331 1014 365 movet
1033 337 1142 366 urna
1161 337 1331 366 nomen.

437 457 675 498 Destrictus
699 456 814 496 ensis
835 456 907 498 cui
928 468 1054 508 super
1072 455 1206 508 impia

438 523 614 563 Cervice
634 521 800 575 pendet,
823 535 909 562 non
930 520 1100 562 Siculae
1121 520 1253 574 dapes

495 588 683 628 Dulcem
703 587 983 627 elaborabunt
1003 599 1207 640 saporem,

551 653 651 694 Non
670 653 820 694 avium
839 653 1112 706 citharaeque
1131 658 1287 693 cantus

439 783 652 825 Somnum
670 782 886 823 reducent.
947 782 1135 823 Somnus
1155 782 1391 835 agrestium

438 849 570 890 Lenis
590 849 779 889 virorum
797 861 885 888 non
905 848 1091 889 humiles
1111 847 1260 888 domas

496 914 682 956 Fastidit
704 914 1036 966 umbrosamque
1055 913 1203 966 ripam,

554 980 654 1021 Non
674 980 891 1033 Zephyris
911 979 1074 1033 agitata
1094 979 1274 1032 Tempe.

440 1100 778 1151 Desiderantem‚
800 1100 916 1153 quod
937 1100 1040 1140 satis
1060 1105 1136 1151 est,
1156 1111 1297 1153 neque

439 1166 787 1208 Tumultuosum
807 1166 1005 1206 sollicitat
1024 1178 1153 1217 mare,

494 1231 585 1274 Nec
607 1244 764 1271 saevus
784 1230 955 1271 Arcturi
973 1230 1167 1271 cadentis

551 1293 744 1351 Impetus
764 1303 843 1337 aut
862 1296 1034 1337 orientis
1053 1295 1204 1348 Hoedi,

441 1428 539 1469 Non
560 1427 804 1468 verberatae
825 1426 1032 1478 grandine
1054 1426 1216 1477 vineae,

440 1492 711 1544 Fundusque
733 1490 935 1549 mendax,
957 1491 1104 1530 arbore
1124 1503 1243 1531 nunc
1264 1503 1401 1545 aquas

495 1557 721 1609 Culpante‚
743 1569 860 1596 nunc
881 1557 1079 1596 torrentia
1099 1568 1224 1609 agros

551 1622 713 1674 Sidera,
735 1634 851 1662 nunc
872 1621 1036 1662 hiemes
1055 1622 1239 1675 iniquas.

441 1744 671 1785 Contracta
691 1743 828 1795 pisces
849 1755 1035 1795 aequora
1054 1743 1245 1784 sentiunt

437 1810 572 1852 Jactis
592 1809 638 1849 in
658 1808 796 1848 altum
816 1809 1025 1849 molibus:
1056 1809 1143 1849 huc
1162 1808 1363 1862 frequens

495 1875 732 1916 Gaementa
751 1874 934 1914 demittit
953 1874 1191 1927 redemptor

552 1942 666 1981 Cum
686 1940 872 1992 famulis,
894 1940 1182 1991 dominusque
1202 1945 1335 1980 terrae

441 2061 708 2101 Fastidiosus
725 2075 734 2101 :
765 2060 841 2100 sed
861 2060 1013 2101 Timor
1033 2065 1074 2098 et
1094 2058 1240 2098 Minae

439 2125 663 2166 Scandunt
683 2125 842 2175 eodem,
864 2137 950 2177 quo
970 2124 1180 2175 dominus,
1201 2136 1342 2178 neque

496 2190 676 2231 Decedit
695 2197 839 2230 aerata
859 2189 1015 2229 triremi
1035 2195 1077 2229 et

550 2256 652 2296 Post
670 2255 858 2308 equitem
879 2254 996 2294 sedet
1015 2261 1106 2295 atra
1126 2255 1254 2296 Cura.

438 2375 609 2422 Quodsi
628 2375 842 2416 dolentem
861 2387 940 2415 nec
960 2374 1176 2428 Phrygius
1196 2374 1305 2429 lapis

442 2442 532 2485 Nec
550 2454 836 2496 purpurarum
856 2440 990 2493 sidere
1009 2440 1160 2482 clarior

1510 258 1564 300 15

1512 1098 1570 1140 25

1511 1873 1568 1915 35
