1612 2716
538 170 697 204 mma.
762 169 803 202 o.
837 169 933 200 xvr.
1312 154 1406 201 159

205 275 359 318 Eheu!
389 274 614 316 translatos
634 273 718 314 alio
738 271 944 313 maerebis
963 282 1153 324 amores3

284 342 365 383 Ast
383 353 461 395 ego
480 340 670 380 vicissim
688 338 826 379 risero.
895 363 901 369 -

544 714 781 755 GARMEN
818 713 934 753 XVI.

330 846 407 874 AD
456 845 756 873 POPULUM
807 844 1151 872 ROMANUM.

127 961 270 1002 Altera
284 964 375 1016 jam
394 963 538 1003 teritur
557 962 678 1002 bellis
698 961 897 1001 civilibus
918 967 1046 1012 aetas,

182 1026 285 1071 Suis
300 1034 342 1066 et
361 1028 453 1079 ipsa
474 1028 612 1067 Roma
632 1027 793 1066 viribus
814 1026 896 1065 ruit
913 1040 922 1065 ε

129 1092 279 1136 Quam
298 1105 435 1143 neque
456 1091 625 1131 finitimi
646 1092 874 1130 valuerunt
893 1090 1062 1143 perdere
1084 1090 1226 1141 Marsi,

185 1156 366 1195 Minacis
386 1162 462 1195 aut
484 1155 665 1195 Etrusca
686 1156 896 1195 Porsenae
918 1167 1085 1204 manus,

130 1220 314 1260 Aemula
334 1233 412 1260 nec
434 1221 567 1259 virtus
588 1220 773 1271 Capuae,
797 1232 881 1258 nec
897 1220 1128 1270 Spartacus
1148 1232 1255 1270 acer,
1386 1219 1414 1260 5

186 1285 402 1336 Novisque
422 1285 548 1324 rebus
569 1283 754 1323 infidelis
774 1283 992 1333 Allobrox,

132 1349 225 1392 Nec
246 1349 332 1389 fera
348 1349 548 1389 caerulea
568 1348 732 1388 domuit
752 1348 982 1388 Germania
1002 1348 1125 1400 pube,

185 1414 522 1466 Parentibusque
543 1413 813 1453 abominatus
835 1413 1066 1463 Hannibal,

129 1480 266 1532 Impia
286 1478 510 1531 perdemus
530 1477 669 1518 devoti
691 1478 912 1530 sanguinis
931 1484 1059 1528 aetas,

186 1544 388 1596 Ferisque
409 1556 556 1583 rursus
576 1543 853 1596 occupabitur
872 1543 1023 1582 solum.
1362 1542 1415 1584 10

130 1609 352 1667 BarbaruS,
375 1609 484 1648 heu!
516 1609 676 1647 cineres
697 1608 862 1647 insistet
882 1608 1025 1658 victor,
1047 1614 1089 1647 et
1107 1607 1260 1647 urbem

186 1674 335 1726 Eques
355 1680 532 1713 sonante
553 1673 790 1723 verberabit
810 1672 987 1724 ungula,

131 1739 344 1790 Quaeque
363 1745 509 1778 carent
527 1738 665 1777 ventis
685 1745 726 1777 et
747 1737 906 1778 solibus
926 1750 1023 1777 ossa
1043 1738 1227 1789 Quirini,

189 1802 320 1843 Nefas
339 1803 507 1843 videre!
538 1802 760 1855 dissipabit
780 1802 980 1842 insolens.
1020 1841 1023 1843 ,

137 1867 271 1918 Forte,
292 1868 395 1919 quid
415 1867 624 1920 expediat,
647 1867 928 1907 communiter
947 1874 1024 1907 aut
1043 1867 1191 1907 melior
1210 1880 1308 1921 pars
1367 1867 1420 1907 15

192 1931 318 1972 Malis
337 1945 476 1972 carere
496 1933 695 1984 quaeritis
715 1932 952 1972 laboribus:

139 1995 268 2037 Nulla
288 1997 342 2036 sit
360 1997 441 2037 hac
461 1997 594 2050 potior
613 1997 822 2036 sententia
839 2011 847 2036 :
879 1997 1173 2038 Phocaeorum

194 2061 320 2100 Velut
338 2061 520 2115 profugit
539 2068 758 2102 exsecrata
777 2062 928 2102 civitas

141 2124 275 2176 Agros
295 2131 422 2176 atque
439 2126 571 2166 Lares
591 2128 757 2179 patriOS,
779 2125 1098 2179 habitandaque
1118 2127 1220 2168 fana

203 2188 323 2240 Apris
342 2188 508 2240 reliquit
526 2198 568 2230 et
586 2192 811 2244 rapacibus
831 2192 943 2244 lupis
1368 2191 1424 2231 20

143 2252 220 2302 Ire,
241 2252 368 2304 pedes
388 2265 644 2306 quocunque
663 2255 806 2306 ferent,
828 2269 1086 2309 quocunque
1106 2269 1179 2309 per
1198 2256 1339 2296 undas

198 2316 336 2357 Notus
357 2318 522 2357 vocabit
542 2325 616 2357 aut
636 2326 854 2371 protervus
875 2320 1055 2360 Africus.

316 2443 370 2477 23.
386 2443 462 2476 Heu
477 2445 546 2478 heu.
633 2446 671 2479 Ο.
687 2448 751 2479 xvi.
770 2449 820 2480 14.
844 2448 952 2480 videri.
1040 2446 1209 2478 mdhmm.
