1650 2730
555 229 714 264 LIBER.
779 229 821 263 0.
854 230 960 263 vm

543 429 781 470 OARMEN
823 427 948 468 VIII.

390 571 451 599 nv
496 570 650 598 ANUM
695 567 1104 598 L1B1n11vosna.
1164 554 1173 561 “

283 689 450 742 Rogare
470 688 597 742 longo
615 687 811 742 putidam
830 693 871 726 te
893 685 1077 738 saeculo,

341 754 460 795 Vires
480 754 584 807 quid
604 760 776 795 enervet
794 765 914 793 meas
925 751 946 791 ’.ῖ

284 819 398 860 Cum
419 820 473 860 sit
492 821 568 860 tibi
588 820 694 860 dens
714 826 814 870 ater,
835 826 878 858 et
896 818 1014 870 rugis
1032 821 1159 856 vetus

339 885 541 926 Frontem
561 892 757 925 senectus
775 890 932 934 exaret,

284 949 468 1003 Hietque
489 951 622 1004 turpis
642 951 751 991 inter
770 949 913 990 aridas
931 955 1055 989 nates

341 1015 499 1067 Podex,
520 1017 639 1056 velut
658 1008 814 1056 crudae
834 1016 955 1056 bovis
967 1014 987 1054 ‘3

286 1079 372 1119 Sed
391 1081 538 1120 incitat
556 1094 626 1120 me
646 1088 793 1133 pectus
813 1086 855 1119 et
873 1091 1089 1119 mammae
1108 1083 1264 1130 putreS,

342 1144 516 1195 Equina
535 1145 685 1196 quales
707 1145 847 1195 ubera,

285 1208 523 1260 Venter-que
542 1209 682 1248 mollis
702 1215 743 1248 et
762 1209 900 1248 femur
918 1206 1182 1247 tumentibus

343 1272 471 1312 Exile
492 1274 601 1313 suris
621 1273 841 1313 additum!

285 1337 392 1378 Esto
411 1339 546 1389 beata,
568 1338 700 1378 funus
720 1346 849 1390 atque
869 1338 1078 1390 imagines

342 1403 517 1442 Ducant
536 1403 815 1456 triumphales
836 1410 972 1457 tuum7

284 1467 374 1508 Nec
397 1468 452 1508 sit
470 1469 633 1519 marita,
655 1482 766 1521 quae
787 1467 1100 1508 rotundioribus

339 1533 507 1573 Onusta
526 1534 669 1573 baccis
689 1533 891 1574 ambulet.

285 1598 419 1649 Quid,
440 1599 555 1650 quod
576 1599 706 1639 libelli
726 1599 857 1640 Stoici
876 1599 986 1638 inter
1005 1598 1159 1638 sericos

339 1664 488 1704 Jacere
507 1664 710 1716 pulvillos
730 1670 879 1703 amant
893 1663 913 1703 ‘3

282 1727 476 1768 miterati
495 1741 604 1769 num
623 1729 767 1768 minus
787 1728 907 1768 nervi
926 1727 1075 1780 rigent,

339 1791 544 1833 Minusve
564 1793 739 1846 languet
759 1792 1003 1833 fascinum?

283 1858 418 1903 Quod
437 1864 486 1898 ut
506 1859 686 1911 superbo
705 1870 909 1910 provoces
928 1858 984 1897 ab
1006 1856 1197 1911 inguine,

340 1922 424 1964 Ore
444 1922 784 1963 adlaborandum
802 1928 868 1963 est
886 1922 973 1962 tibi.

1324 203 1415 263 151

1363 1269 1419 1311 10

1363 1597 1418 1638 15
