1612 2716
126 142 229 189 268·
631 152 971 186 EPISTOLABUM

125 258 321 300 Mordeat
340 257 570 312 opprobriis
590 257 720 309 falsis,
744 266 994 311 mutemque
1013 257 1204 301 colores?

125 319 283 366 Falsus
304 313 438 375 honor
451 312 577 378 juvat
597 330 638 363 et
659 324 845 363 mendax
868 323 1046 364 infamia
1067 319 1198 364 terret*

124 391 282 442 Quem,
304 390 385 429 nisi
407 389 662 428 mendosum
682 397 723 428 et
752 389 1088 429 medicandum?
1147 389 1220 430 Vir
1248 390 1387 431 bonus
1415 395 1479 430 ent

292 455 389 507 quis
403 455 421 494 ῗὶ
1423 456 1480 496 40

125 521 217 566 Qui
237 521 434 560 consulta
455 528 636 573 patrum,
659 521 734 572 qui
755 521 868 573 leges
883 522 1067 574 juraque
1089 527 1254 574 servat3
1436 514 1439 518 ¹

125 588 229 631 Quo
250 586 411 625 multae
432 598 702 638 magnaeque
725 593 923 625 secantur
937 586 1082 639 J'udice
1106 586 1222 639 lites;

124 652 228 696 Quo
248 664 314 691 res
335 663 533 704 sponsore
554 657 596 690 et
615 658 701 703 quo
720 664 878 691 causae
899 658 1004 691 teste
1026 658 1235 709 tenentur.

124 717 209 767 Sed
230 709 347 757 videt
367 717 484 756 hunc
505 716 644 756 omnis
665 715 820 756 domus
841 723 883 756 et
903 717 1062 774 vicinia
1083 712 1182 757 tota*

124 783 363 823 Introrsum
387 778 565 835 turpem,
589 783 830 834 speciosum
851 782 960 835 pelle
981 782 1144 822 decora.
1425 781 1482 823 45

124 848 215 889 Nec
235 847 399 888 furtum
420 847 500 887 feci
521 860 599 887 nec
619 846 723 900 fugi,
746 848 782 887 si
803 848 908 887 mihi
930 847 1045 888 dicat

125 914 285 954 Servus
300 913 515 953 t—Habes
536 913 729 965 pretium,
752 913 850 952 loris
870 926 957 953 non
978 913 1122 964 ureris,
1143 912 1284 953 aio.—

125 978 223 1018 Non
244 978 464 1018 hominem
483 977 619 1018 occidi
637 979 804 1030 3—-Non
826 991 975 1031 pasces
997 979 1040 1019 in
1062 992 1187 1019 cruce
1206 991 1426 1019 corvos.—

125 1043 234 1084 Sum
253 1044 393 1084 bonus
413 1049 455 1082 et
475 1043 587 1096 frugi
602 1044 813 1095 3—renuit
832 1044 1081 1096 negitatque
1101 1043 1326 1093 Sabellus:

126 1109 293 1148 Cautus
313 1108 428 1148 enim
450 1109 602 1148 metuit
622 1103 792 1148 foveam
812 1109 952 1162 lupm,
974 1110 1259 1163 accipiterque
1426 1110 1484 1151 50

126 1174 356 1227 Suspectos
377 1174 566 1226 laqueos,
588 1181 630 1214 et
649 1181 844 1227 opertum
867 1175 1029 1216 miluus
1051 1176 1244 1220 hamum.

126 1239 323 1280 Oderunt
343 1253 517 1293 peccare
538 1240 639 1280 boni
660 1241 828 1281 virtutis
849 1254 1016 1293 amore;

127 1305 203 1345 Tu
223 1305 332 1345 nihil
352 1305 552 1345 admittes
573 1306 618 1346 in
639 1313 679 1346 te
700 1306 924 1347 formidine
944 1320 1129 1360 poenae:

127 1371 192 1412 Sit
213 1384 308 1424 spes
330 1371 518 1423 fallendi,
541 1373 740 1413 miscebis
761 1386 883 1413 sacra
903 1373 1107 1429 profanis.-

127 1437 242 1478 Nam
262 1437 316 1477 de
336 1437 452 1477 mille
473 1437 597 1477 fabae
611 1438 772 1478 ‘modiis
793 1452 895 1479 cum
916 1440 1091 1492 surripis
1111 1451 1262 1492 unum,
1427 1439 1483 1481 55

127 1502 353 1542 Damnum
374 1510 447 1554 est,
470 1515 557 1543 non
578 1502 758 1555 facinus,
780 1505 887 1545 mihi
908 1512 1032 1558 pacto
1053 1505 1192 1545 lenius
1212 1505 1304 1545 isto.

127 1567 201 1607 Vir
220 1568 370 1618 bonus,
393 1581 520 1608 omne
542 1567 682 1609 forum
702 1582 834 1621 quem
854 1577 1016 1626 spectat
1035 1576 1077 1609 et
1097 1582 1223 1609 omne
1244 1569 1442 1623 tribunal,

127 1633 493 1685 Quandocunque
514 1633 616 1672 deos
636 1634 706 1673 vel
725 1647 850 1686 porco
870 1634 939 1674 vel
961 1636 1068 1674 bove
1089 1635 1243 1687 placat,

126 1697 235 1738 Jane
257 1704 386 1750 pater,
411 1698 534 1748 clare,
557 1698 669 1737 clare
690 1711 791 1753 cum
811 1698 931 1750 dixit,
953 1699 1117 1751 Apollo,

127 1763 210 1803 Lai
224 1775 269 1802 ra
289 1769 433 1802 movet
452 1768 648 1802 metuens
669 1762 830 1803 audiri:
862 1763 1050 1804 Pulchra
1069 1765 1280 1817 Lavema,
1425 1766 1483 1807 60

129 1828 200 1869 Da
220 1827 328 1867 mihi
349 1826 504 1878 fallere,
527 1826 583 1867 da
597 1829 713 1881 justo
734 1835 967 1881 sanctoque
987 1829 1132 1881 videri,

129 1892 311 1934 Noctem
331 1893 516 1945 peccatis
536 1899 578 1933 et
597 1893 821 1934 fraudibus
842 1895 974 1949 objice
994 1896 1168 1937 nubem.

129 1958 223 2003 Qui
242 1957 390 1997 melior
410 1971 542 2010 serVO,
564 1959 639 2011 qui
661 1958 826 1999 liberior
846 1960 900 1999 sit
919 1973 1088 2011 avarus

129 2023 182 2064 In
204 2023 336 2063 triviis
357 2023 498 2064 fixum
518 2037 620 2064 cum
642 2037 686 2064 se
707 2024 890 2064 demittit
908 2025 962 2065 ob
982 2038 1134 2077 assem,

130 2088 229 2129 Non
249 2087 400 2128 video:
432 2101 547 2140 nam,
569 2090 644 2141 qui
664 2090 817 2142 cupiet,
841 2096 1001 2130 metuet
1021 2103 1216 2143 quoque;
1247 2103 1369 2144 porro
1425 2092 1481 2132 65

131 2153 224 2198 Qui
244 2160 440 2194 metuens
461 2155 587 2205 vivet,
610 2154 714 2194 liber
734 2155 841 2195 mihi
862 2168 948 2195 non
968 2156 1045 2196 erit
1066 2169 1274 2210 unquam.

130 2218 319 2261 Perdidit
338 2232 469 2270 arma,
491 2219 635 2260 locum
654 2220 823 2260 virtutis
844 2220 1039 2272 deseruit,
1062 2222 1138 2274 qui

131 2283 308 2339 Semper
326 2284 372 2325 in
391 2284 591 2339 augenda
610 2285 784 2325 festinat
803 2292 846 2326 et
866 2286 1058 2327 obruitur
1076 2300 1131 2327 re.

510 2434 565 2469 40.
587 2441 621 2468 et
633 2435 844 2478 mendacem3
865 2441 898 2468 et
911 2435 1105 2470 mendicum.
