1650 2730
130 304 211 338 Nox
225 306 309 344 erat,
394 322 408 329 -

133 357 283 395 Nullam,
298 356 397 394 Vere,
441 374 455 380 -

130 410 255 443 Nullus
269 412 411 452 argento

130 462 231 495 Nunc
246 466 299 494 est
310 462 509 502 bibendum,

131 515 162 547 Ο
175 514 324 546 crudelis
338 514 462 553 adhuc,
514 531 529 537 -

131 565 161 598 Ο
175 565 271 603 Diva,
287 567 425 606 gratum

129 616 160 649 Ο
173 617 248 648 fons
262 615 465 655 Bandusiae,
516 633 531 639 -

131 667 162 700 Ο
175 669 284 698 matre
299 667 443 707 pulchra

131 719 162 752 0
175 722 257 750 nata
271 728 416 758 mecum,
486 718 490 721 '

131 770 162 803 Ο
174 771 289 809 navis!
312 770 461 802 referent

129 822 160 854 Ο
174 831 276 862 saepe
290 831 427 854 mecum

130 873 160 905 0
174 873 299 911 Venus,
315 873 435 914 regina

129 925 197 958 Odi
208 925 387 965 profanum

129 977 248 1010 Otium
259 977 356 1009 divos

130 1029 269 1060 Parcius
274 1029 413 1069 ,iunctas

132 1080 264 1112 Parcus
278 1080 422 1112 deorum

131 1131 286 1163 Parentis
300 1131 383 1162 olim

132 1182 257 1215 Pastor
271 1191 379 1222 quum
394 1182 547 1215 traheret
608 1200 622 1207 -

130 1234 282 1267 Persicos
298 1235 356 1267 odi

131 1287 231 1326 Petti,
247 1287 334 1318 nihil
347 1296 413 1326 me,

130 1340 280 1380 Phoebe,
297 1340 529 1380 silvarumque

133 1391 294 1423 Phoebus
308 1392 479 1423 volentem

130 1443 316 1474 Pindarum
331 1443 489 1482 quisquis
524 1461 538 1466 -

132 1495 319 1527 Poscimur.
364 1495 398 1526 Si
413 1495 500 1534 quid

130 1549 227 1586 Quae
241 1557 324 1580 cura.
339 1551 486 1587 patrum,
523 1566 536 1572 -

131 1599 284 1638 Qualem,
301 1599 496 1630 ministrum

131 1651 277 1689 Quando
292 1654 466 1691 repostum
514 1669 529 1676 ·

131 1706 307 1744 Quantum
319 1705 426 1737 distet

647 268 692 288 u

660 315 686 336 X

659 420 685 442 11

674 472 687 494 1

636 410 699 1450 ²24²}.··==.<3'2-=·==f==.-·.====-·?³·=-·.—··.³·.-·E=.·.=

663 1452 698 1473 u.

694 268 734 289 'ni
737 268 765 288 Β.

492 157 1112 194 mmmmm

858 308 967 345 Quem
982 310 1031 347 tu,
1048 307 1276 350 Melpomene,

858 360 968 396 Quem
983 360 1094 391 virum

857 411 950 447 Quid
962 411 1144 442 bellicosus

857 462 949 499 Quid
963 462 1162 494 dedicatum

857 514 948 551 Quid
963 513 1032 553 fles,
1050 515 1187 546 Asterie
1237 532 1252 540 -

858 565 950 602 Quid
964 566 1181 598 immerentes

858 618 950 654 Quid
961 618 1024 649 tibi
1040 618 1101 657 vis,

859 670 943 706 Quis
957 669 1128 701 desiderio
1181 687 1196 694 ·

860 722 943 760 Quis
959 723 1068 754 multa
1081 722 1219 764 gracilis
1237 740 1253 748 -

860 776 936 814 Quo
950 785 1014 814 me,
1031 776 1176 817 Bacche,

860 830 945 867 Quo,
963 839 1032 869 quo
1046 829 1182 862 scelesti
1242 847 1258 856 -

860 881 1001 912 Rectius
1016 881 1119 921 vives,

862 935 992 976 Rogare
1007 935 1110 976 longo

861 989 1023 1020 Scriberis
1037 988 1142 1020 Vario

860 1038 1011 1078 Septimi,
1028 1038 1142 1070 Gades

861 1089 914 1120 Sic
928 1092 963 1120 te
978 1089 1067 1120 Diva

860 1142 1009 1174 Solvitur
1019 1142 1108 1174 acris
1118 1141 1231 1174 hiem

858 1192 908 1223 Te
923 1192 1026 1223 maris
1041 1194 1077 1223 et
1090 1193 1202 1223 terrae

858 1244 913 1274 Tu
928 1252 970 1275 ne
985 1243 1183 1283 quaedem,
1239 1259 1255 1267 -

859 1295 1035 1334 Tyrrhena
1049 1302 1171 1335 megum

860 1346 937 1377 Ulla.
951 1346 980 1376 si
989 1345 1079 1385 juris

860 1397 956 1428 Uxor
969 1395 1129 1436 pauperis
1140 1393 1237 1434 Ibyci

860 1450 970 1481 Velox
981 1457 1164 1480 amoenum

861 1500 975 1538 Vides,
992 1502 1033 1530 ut
1046 1499 1117 1530 alta
1157 1516 1172 1523 -

862 1551 937 1582 Vile
951 1550 1087 1590 potabis

862 1602 958 1632 Vitas
973 1600 1137 1633 hinnuleo
1149 1618 1164 1626 -

861 1652 943 1684 Vixi
957 1651 1090 1693 puellis,

1337 997 1428 1688 μὲμρμὲἐμᾷἔτὲῐέὲμῗὲ
1337 268 1486 968 ῖὲΐὲῖβ·ἓΐὲ·βξκμξῖἒέξ
