1650 2730
177 178 244 236 ‘18

334 2452 388 2487 69.
411 2451 537 2493 (ἕζευ
559 2450 695 2492 Gygen
716 2447 766 2482 Cf.
782 2449 838 2482 lib.
858 2449 889 2486 1,
906 2447 958 2486 17,
975 2447 1026 2480 14.

675 181 986 228 'omniumr

431 298 556 347 Quid
578 299 784 350 Rhoetus,
805 298 1056 351 evulsisque
1074 298 1238 341 truncis

485 365 735 406 Enceladus
748 364 959 419 jaculator
978 363 1138 417 audax,

372 497 540 538 contra-
555 501 780 536 sonantem
800 493 991 535 Palladis
1011 493 1167 548 aegida
1216 504 1219 505 ⁷

375 562 557 603 Possent
574 560 778 601 ruentes?
835 560 951 600 Hinc
971 559 1128 600 avidus
1148 559 1268 602 stetit

430 626 665 678 Vulcanus,
685 626 788 665 hinc
808 631 1007 665 matrona
1027 625 1142 667 Juno
1162 631 1206 666 et

489 691 727 744 Nunquam
746 691 938 731 humeris
957 691 1174 744 positurus
1193 702 1354 743 arcum,

377 822 471 868 Qui
490 834 579 863 rore
598 833 704 874 puro
724 821 938 862 Castaliae
959 821 1066 862 lavit

378 889 528 929 Crines
549 887 721 938 solutos,
743 887 820 940 qui
838 888 1001 940 Lyciae
1021 893 1138 929 tenet

435 954 626 995 Dumeta
644 953 920 1005 natalemque
942 953 1110 1004 silvam,

490 1018 643 1059 Delius
662 1025 704 1059 et
723 1019 931 1060 Patareus
950 1018 1116 1073 Apollo.

379 1148 455 1190 Vis
474 1149 627 1190 consili
646 1162 798 1202 expers
817 1148 931 1189 mole
950 1149 1035 1189 ruit
1054 1160 1159 1189 sua:

378 1215 479 1256 Vim
498 1220 777 1267 temperatam
796 1214 842 1254 di
860 1227 1031 1267 quoque
1051 1213 1295 1267 provehunt

435 1281 487 1321 In
508 1281 671 1334 majus;
705 1280 819 1320 idem
838 1280 963 1320 odere
981 1279 1094 1319 vires

492 1345 634 1386 Omne
653 1345 775 1386 nefas
796 1345 941 1385 animo
959 1349 1194 1385 moventes.

379 1475 527 1516 'restis
546 1486 742 1514 mearum
762 1473 1033 1513 centimanus
1054 1472 1175 1524 Gyas

379 1539 710 1589 Sententiarum,
733 1543 861 1578 notus
881 1545 923 1577 et
942 1538 1131 1591 integrae

435 1604 646 1646 Tentator
666 1603 798 1644 Orion
820 1603 1001 1654 Dianae,

494 1669 694 1723 Virginea
714 1669 901 1709 domitus
922 1668 1090 1722 sagitta.

381 1800 544 1854 Injecta
562 1799 762 1839 monstris
783 1799 920 1840 Terra
939 1798 1054 1839 dolet
1073 1797 1164 1843 suis

382 1865 628 1916 Moeretque
649 1871 794 1917 partus
815 1863 994 1904 fulmine
1015 1862 1206 1904 luridum

437 1930 594 1971 Missos
615 1928 669 1969 ad
693 1929 879 1970 Orcum:
910 1940 991 1969 nec
1011 1925 1173 1980 peredit

494 1994 748 2048 Impositam
767 1994 878 2035 celer
897 1993 1009 2047 ignis
1029 1992 1242 2032 Aetnam:

384 2123 693 2166 Incontinentis
712 2135 792 2163 nec
813 2121 936 2174 Tityi
949 2121 1071 2174 jecur

385 2189 575 2242 Reliquit
595 2188 695 2239 ales,
716 2185 932 2239 nequitiae
952 2184 1125 2225 additus

441 2255 620 2306 Custos3
652 2258 885 2293 amatorem
905 2251 1115 2291 trecentae

497 2320 737 2361 Pirithoum
754 2316 954 2358 cohibent
972 2322 1160 2356 catenae.

1157 2445 1210 2480 78.
1233 2443 1406 2484 Relinquit.

1473 299 1531 342 55

1474 689 1532 730 60

1476 1145 1533 1188 65

1478 1535 1536 1577 ⁷0

1407 1906 1431 1915 ,.
1478 1923 1536 1966 ⁷5
