1650 2730
212 199 276 246 66

753 209 1019 242 GARMJNUM

690 407 931 448 CARMEN
968 408 1086 448 XIX

635 538 718 566 AD
767 539 1137 567 BACCHUM.

434 657 658 699 Bacchum
677 656 722 696 in
742 656 912 696 remotis
931 656 1124 697 carmina
1143 655 1322 709 rupibus

433 722 531 764 Vidi
551 722 786 773 docentem,
808 721 965 761 credite
986 721 1151 774 posteri,

489 787 804 841 Nymphasque
825 786 1039 826 discentes
1059 793 1102 826 et
1121 798 1247 826 aures

546 852 837 906 Oapripedum
857 853 1111 906 Satyrorum
1130 857 1295 892 acutas.

433 983 580 1024 Evoe!
612 982 769 1023 recenti
790 995 912 1022 mens
933 981 1115 1035 trepidat
1135 987 1266 1033 metu,

434 1049 652 1100 Plenoque
672 1048 833 1089 Bacchi
852 1054 1017 1100 pectore
1038 1046 1259 1087 turbidum

490 1114 706 1154 Laetatur.
767 1113 888 1153 Evoe
905 1113 912 1152 !
944 1125 1080 1165 parce,
1102 1111 1231 1152 Liber
1249 1111 1258 1151 !

546 1179 690 1230 Parce,
713 1178 835 1231 gravi
855 1176 1084 1218 metuende
1105 1175 1278 1230 thyrso!

438 1310 527 1350 Fas
547 1308 790 1362 pervicaces
811 1314 876 1348 est
894 1307 1002 1347 mihi
1023 1306 1264 1358 Thyiadas,

436 1375 621 1426 Vinique
642 1373 815 1424 fontem,
838 1372 962 1412 lactis
982 1378 1024 1412 et
1043 1372 1194 1411 uberes

492 1440 677 1479 Cantare
697 1438 824 1487 rivos,
847 1443 975 1488 atque
996 1435 1157 1475 truncis

549 1503 694 1555 Lapsa
714 1501 833 1542 cavis
855 1501 1002 1540 iterare
1023 1499 1152 1540 mella
1166 1513 1190 1552 ;⁴

439 1635 528 1675 Fas
549 1639 591 1673 et
610 1633 760 1673 beatae
780 1631 974 1686 conjugis
995 1630 1193 1671 additum

438 1699 582 1741 Stellis
602 1698 817 1748 honorem,
839 1704 1037 1749 tectaque
1058 1695 1239 1739 Penthei

494 1764 684 1817 Disjecta
704 1775 791 1802 non
812 1762 897 1802 leni
918 1762 1055 1813 ruina,

550 1828 736 1869 Thracis
757 1834 799 1868 et
819 1828 1000 1868 exitium
1021 1827 1223 1880 Lycurgi.

439 1959 515 2000 Tu
534 1958 670 1999 flectis
690 1971 852 2010 amnes,
874 1965 923 1998 tu
942 1970 1059 1998 mare
1079 1957 1320 2007 barbarum,

439 2025 515 2065 Tu
536 2025 738 2077 separatis
760 2023 919 2064 uvidus
939 2023 985 2062 in
998 2021 1115 2076 jugis

495 2090 619 2131 Nodo
638 2102 804 2130 coerces
824 2087 1013 2140 viperino

552 2154 825 2195 Bistonidum
845 2153 936 2192 sine
956 2150 1106 2191 fraude
1126 2148 1276 2192 crines.

440 2284 529 2336 Tu,
550 2296 652 2324 cum
671 2282 865 2324 Parentis
886 2294 1017 2335 regna
1038 2293 1110 2334 per
1129 2279 1317 2322 arduum

394 2363 398 2367 ’
443 2351 606 2392 Cohors
626 2349 865 2402 Gigantum
885 2346 1108 2387 scanderet
1127 2346 1271 2399 impia,

498 2416 715 2458 Rhoetum
735 2413 933 2454 retorsisti
954 2412 1088 2452 leonis

556 2480 786 2534 Unguibus
806 2477 1077 2529 horribilique
1097 2475 1237 2529 mala;

1513 1369 1568 1410 10

1513 1759 1567 1801 15
