1612 2716
148 182 242 228 186
677 196 959 229 sATfflARUM

144 297 260 338 Cum
278 310 348 338 me
366 298 612 350 hortaretur,
633 311 770 352 parce,
791 299 1010 352 frugaliter
1028 306 1159 354 atque

143 363 342 403 Viverem
362 364 424 403 uti
444 370 672 404 contentus
691 378 752 415 e0,
776 364 892 417 quod
913 374 973 407 mi
993 365 1083 419 ipse
1101 374 1316 419 parasset:

142 427 295 469 Nonne
314 428 447 479 vides,
469 429 569 469 Albi
590 437 638 469 ut
657 430 770 470 male
790 430 911 470 vivat
930 430 1078 472 filiustt
1109 438 1241 485 utque

142 493 299 534 Barrus
311 494 460 546 inops?
481 507 691 547 magnum
704 495 1023 547 documentum,
1032 509 1087 537 ne
1099 498 1282 550 patriam
1293 511 1384 541 rem
1410 500 1492 542 110

141 557 319 599 Perdere
338 560 436 612 quis
456 559 569 600 velit.
629 561 668 600 A
689 561 799 614 turpi
820 562 1049 602 meretricis
1069 575 1213 604 amore

140 622 255 663 Cum
274 623 520 664 deterreret.
552 625 726 666 Scetani
746 626 965 667 dissimilis
986 627 1055 668 sis.

140 688 205 729 Ne
226 702 421 742 sequerer
440 691 652 742 moechas,
674 705 879 732 concessa
899 705 1001 733 cum
1021 693 1184 734 Venere
1204 695 1268 735 uti

139 754 339 795 Possem:
371 756 580 808 Deprensi
599 770 687 797 non
708 758 819 798 bella
839 765 904 798 est
924 758 1043 799 fama
1063 759 1264 812 Treboni,

138 819 302 860 Aiebat.
361 821 555 874 Sapiens,
577 823 730 874 vitatu,
751 823 941 876 quidque
961 824 1097 876 petitu
1407 826 1490 868 115

136 885 202 925 Sit
222 885 388 937 melius,
410 899 565 926 causas
586 887 733 927 reddet
753 888 852 928 tibi:
883 894 944 928 mi
965 889 1069 928 satis
1089 896 1164 941 est,
1186 890 1223 930 si

136 949 369 991 Traditum
388 952 444 992 ab
464 953 652 1005 antiquis
673 966 833 993 morem
854 966 1032 1005 servare,
1054 960 1274 1007 tuamque,

138 1015 257 1055 Dum
277 1016 465 1056 custodis
485 1030 596 1069 egeS,
618 1018 753 1057 vitam
773 1017 1023 1070 famamque
1044 1019 1152 1059 tueri

135 1081 402 1121 Incolumem
423 1094 623 1134 possum;
656 1083 786 1122 simul
807 1096 858 1123 ac
879 1082 1096 1124 duraverit
1115 1090 1236 1125 aetas

136 1146 330 1187 Membra
350 1148 631 1200 animumque
649 1155 785 1199 tuum,
806 1148 932 1188 nabis
951 1150 1044 1189 sine
1064 1150 1229 1191 cortice.
1287 1150 1360 1192 Sic
1379 1163 1450 1193 me

135 1212 366 1252 Formabat
387 1225 571 1266 puerum
590 1213 738 1253 dictis:
770 1220 812 1253 et
833 1214 923 1253 sive
937 1214 1128 1267 Jubebat‚

135 1278 194 1318 Ut
213 1277 397 1318 facerem
417 1278 522 1330 quid
539 1292 548 1318 :
580 1279 726 1318 Habes
747 1285 976 1330 auctorem,
997 1291 1084 1331 quo
1103 1278 1237 1320 facias
1256 1279 1362 1321 hoc:

135 1344 283 1384 Unum
304 1357 358 1383 ex
373 1343 592 1397 judicibus
613 1344 780 1384 selectis
799 1345 1045 1398 objiciebat3

135 1409 237 1449 Sive
259 1405 454 1449 vetabat:
486 1422 543 1449 an
564 1409 644 1448 hoc
666 1410 942 1449 inhonestum
962 1416 1004 1449 et
1023 1409 1173 1450 inutile
1193 1409 1312 1451 factu

135 1474 280 1515 Necne
302 1475 367 1526 sit,
389 1474 626 1526 addubites,
643 1474 794 1527 flagret
813 1487 980 1514 rumore
999 1475 1114 1515 malo
1133 1488 1234 1515 cum
1405 1476 1486 1518 125

136 1539 215 1578 Hic
237 1547 365 1592 atque
386 1540 456 1580 ille
469 1540 488 1579 ’.ῑ
546 1539 710 1580 Avidos
730 1540 925 1580 ,vicinum
945 1539 1078 1580 funus
1099 1547 1150 1581 ut
1169 1553 1318 1594 aegros

134 1603 381 1656 Exanimat,
404 1605 635 1657 mortisque
655 1612 774 1645 metu
794 1605 874 1645 sibi
893 1618 1062 1658 parcere
1082 1605 1206 1659 cogit,

131 1669 204 1710 Sic
226 1677 389 1709 teneros
410 1671 577 1710 animos
597 1670 739 1709 aliena
758 1670 980 1722 opprobria
1000 1682 1126 1722 saepe

132 1735 378 1774 Absterrent
397 1735 523 1773 vitiis.
583 1734 655 1773 Ex
676 1734 756 1773 hoc
776 1746 866 1786 eg0,
889 1746 1022 1773 sanus
1042 1734 1098 1773 ab
1117 1733 1212 1783 illis,

133 1799 370 1839 Perniciem
390 1810 676 1850 quaecunque
698 1797 850 1848 ferunt,
873 1797 1168 1850 mediocribus,
1190 1804 1234 1839 et
1251 1803 1351 1852 quis
1402 1799 1484 1841 130

132 1865 346 1917 Ignoscas,
369 1863 483 1903 vitiis
508 1870 674 1915 teneor;
707 1854 896 1903 fortas'sis
916 1870 959 1903 et
978 1863 1103 1903 istinc

131 1930 324 1982 Largiter
343 1929 564 1969 abstulerit
584 1929 712 1982 longa
732 1935 861 1980 aetas,
883 1929 987 1970 liber
1006 1929 1185 1980 amicus,

131 1994 371 2036 Consilium
391 1994 629 2047 proprium:
661 2007 800 2047 neque
821 1994 947 2045 enim,
969 2006 1072 2034 cum
1092 1993 1276 2034 lectulus
1296 1999 1374 2034 aut
1391 2005 1462 2035 me

131 2060 323 2101 Porticus
344 2060 522 2112 excepit,
544 2059 699 2099 desum
717 2059 836 2099 mihi.
895 2058 1071 2099 Rectius
1091 2058 1173 2098 hoc
1193 2064 1269 2109 est,
1291 2088 1301 2098 .
1324 2089 1334 2098 .
1356 2089 1367 2099 .

132 2126 225 2167 Hoc
245 2124 405 2165 faciens
425 2125 573 2165 vivam
591 2125 757 2164 melius.
817 2123 889 2164 Sic
909 2122 1048 2163 dulcis
1067 2123 1218 2163 amieis
1399 2122 1480 2164 135

132 2192 378 2233 Occurram.
438 2189 532 2229 Hoc
552 2189 732 2241 quidam
751 2200 839 2228 non
858 2187 990 2228 belle:
1021 2187 1237 2240 numquid
1257 2200 1336 2240 ego
1354 2187 1417 2228 illi

132 2254 385 2309 Imprudens
405 2253 508 2294 olim
528 2253 686 2293 faciam
706 2253 876 2293 simile?
934 2253 1054 2293 Haec
1075 2265 1154 2306 ego
1173 2264 1348 2294 mecum

133 2309 396 2375 Compressis
415 2319 530 2373 agito
550 2318 680 2359 labris
697 2332 706 2371 ;
739 2318 813 2359 ubi
833 2317 938 2371 quid
957 2317 1084 2359 datur
1103 2322 1173 2370 ott,

195 2471 266 2504 119.
289 2472 420 2511 possim.
509 2469 583 2503 123.
605 2468 726 2502 electis.
815 2467 889 2500 124.
912 2466 1041 2500 factum.
1133 2466 1205 2500 132.
1226 2465 1419 2499 abstulerim.
