1612 2716
155 121 250 168 182
684 129 970 164 mmmm

208 236 279 287 Ut,
295 235 495 288 quamvis
515 240 627 274 tacet
646 234 948 287 Hermogenes,
963 238 1112 275 cantor
1131 239 1279 276 tamen
1295 239 1427 287 atque
1468 260 1475 271 2

210 301 411 354 Optimus
432 306 498 340 est
519 298 786 350 modulator3
819 305 867 339 ut
886 298 1068 339 Alfenus
1088 297 1218 350 vafer,
1238 298 1358 339 omni
1420 297 1502 340 13⁰

210 367 386 421 Abjecto
405 366 686 406 instrumento
707 365 808 405 artis
828 364 1063 417 clausaque
1083 364 1271 416 taberna,

207 433 335 473 Sutor
353 438 453 482 erat,
474 431 643 483 sapiens
664 430 800 482 operis
820 430 881 469 sic
901 429 1088 482 optimus
1107 429 1248 470 omnis

208 498 290 538 Est
308 496 450 550 opifex
471 496 599 547 solus,
623 495 685 535 sic
705 509 792 536 rex.
853 495 1028 535 Vellunt
1047 494 1123 535 tibi
1142 495 1321 536 barbam

206 563 379 604 Lascivi
398 562 515 615 pueri
533 575 542 614 3
575 574 682 614 quos
704 568 751 601 tu
771 561 853 601 nisi
873 559 985 600 fuste
1005 572 1183 611 coerces,

206 628 380 681 Urgeris
400 628 524 668 turba
543 627 706 667 circum
725 634 766 666 te
787 632 937 676 stante,
958 626 1171 677 miserque
1418 624 1500 666 135

205 693 443 746 RumperiS,
465 699 506 732 et
527 693 666 743 latras,
684 704 939 744 magnorum
960 691 1149 730 maxime
1169 703 1331 744 regum.

205 759 270 799 Ne
291 759 468 811 longum
488 757 669 798 faciam:
700 756 806 797 dum
826 763 875 797 tu
894 756 1133 809 quadrante
1153 756 1350 797 lavatum

206 823 303 864 Rex
323 824 413 874 ibis,
435 837 574 876 neque
595 830 634 863 te
655 823 888 875 quisquam
909 822 1093 875 stipator,
1115 822 1311 874 ineptum

207 889 376 930 Praeter
396 889 654 941 Crispinum,
676 888 915 938 sectabitur,
937 894 980 926 et
999 886 1106 927 mihi
1126 886 1276 927 dulces

204 955 441 1007 Ignoscent,
464 954 500 993 si
520 953 624 1006 quid
644 966 821 1006 peccaro
841 953 1010 1003 stultus,
1032 952 1188 992 amici:
1416 950 1499 992 140

204 1020 341 1072 Inque
362 1020 502 1059 vicem
522 1019 692 1059 illorum
712 1019 850 1071 patiar
869 1018 1026 1058 delicta
1045 1017 1233 1069 libenter,

204 1086 487 1138 Privatusque
508 1085 646 1138 magis
665 1084 815 1125 vivam
834 1090 874 1124 te
893 1096 991 1137 rege
1011 1084 1175 1124 beatus.

656 1529 869 1571 SATIRA
909 1529 984 1569 IV.

287 1698 469 1751 Eupolis
490 1704 619 1750 atque
635 1698 835 1738 Cratinus
849 1697 1241 1750 Aristophanesque
1259 1700 1410 1749 poetae

233 1764 375 1815 Atque
397 1763 480 1813 alii,
502 1776 687 1815 quorum
706 1762 925 1802 comoedia
944 1763 1082 1815 prisca
1102 1761 1289 1802 virorum
1307 1767 1382 1812 est,

232 1829 279 1869 Si
299 1829 396 1880 quis
416 1835 506 1867 erat
525 1827 683 1880 dignus
703 1827 894 1879 describi,
916 1827 1031 1880 quod
1051 1827 1193 1868 malus
1213 1839 1265 1866 ac
1284 1826 1364 1877 fur,

233 1893 366 1938 Quod
388 1893 592 1932 moechus
614 1892 729 1943 foret,
751 1899 827 1933 aut
847 1893 1046 1943 sicarius,
1059 1898 1137 1932 aut
1156 1890 1316 1944 alioqui

234 1958 460 2009 Famosus,
483 1958 621 1998 multa
640 1971 742 1998 cum
762 1958 952 1998 libertate
972 1957 1188 1997 notabant.
1467 1955 1495 1995 ὅ

234 2022 347 2064 Hinc
368 2024 506 2063 omnis
526 2023 683 2075 pendet
701 2023 908 2072 Lucilius,
925 2022 1052 2061 hosce
1073 2026 1257 2070 secutus,

235 2088 414 2129 Mutatis
435 2095 603 2128 tantum
624 2088 803 2140 pedibus
823 2086 1121 2137 numerisque;
1151 2084 1327 2136 facetus,

235 2153 481 2194 Emunctae
503 2153 628 2203 naris,
650 2152 783 2192 durus
803 2163 1053 2203 componere
1075 2162 1233 2190 versus.

236 2219 350 2260 Nam
371 2217 451 2257 suit
471 2218 552 2256 hoc
575 2217 774 2256 vitiosus:
807 2217 851 2255 in
871 2216 975 2255 hora
997 2229 1122 2268 saepe
1142 2215 1360 2266 ducentos,

235 2283 296 2325 Ut
314 2295 533 2336 magnum,
554 2294 702 2322 versus
722 2281 909 2322 dictabat
929 2287 1046 2322 stans
1066 2281 1172 2334 pede
1191 2281 1237 2322 in
1256 2293 1354 2322 uno.
1441 2279 1495 2321 10

493 2412 565 2445 132.
589 2412 727 2445 Tonsor.
859 2411 894 2443 S.
910 2413 952 2444 iv.
967 2412 999 2444 3.
1024 2419 1079 2444 aut
1094 2411 1152 2444 fur.
