1650 2730
185 146 281 194 108

722 158 986 191 ΟΑΒΜΪΝΠΜ

407 262 538 307 Quae
558 261 687 302 simul
707 268 881 302 centum
902 262 1038 314 tetigit
1055 266 1271 314 potentem

409 327 588 381 Oppidis
610 327 787 367 Creten:
818 327 953 378 Pater,
974 339 1000 366 o
1020 327 1215 367 relictum

409 393 546 434 Filiae
567 405 734 443 nomen,
756 392 988 445 pietasque,
1010 391 1130 443 dixit,

520 457 645 499 Victa
665 457 804 498 furore
822 457 830 497 !

410 596 569 638 Unde?
611 597 715 642 Quo
735 596 867 637 veni?
917 596 1048 636 Levis
1067 608 1157 636 una
1176 607 1290 636 mors
1307 601 1374 637 est

411 661 637 715 Virginum
657 662 821 714 culpae.
881 661 1129 714 Vigilansne
1149 660 1266 714 ploro

410 727 560 780 Turpe
581 727 871 778 commissum,
893 739 951 767 an
970 727 1086 767 vitiis
1105 732 1323 767 carentem

524 792 658 834 Ludit
677 792 819 845 imago

410 932 546 983 Vana,
567 945 678 985 quae
698 939 819 985 porta
838 932 1008 985 fugiens
1028 932 1192 972 eburna

413 996 642 1038 Somnium
661 997 779 1037 ducit
793 998 812 1037 ’.ῑ
870 997 1083 1038 Meliusne
1103 996 1262 1037 fluctus

411 1062 477 1102 Ire
498 1075 570 1115 per
589 1062 737 1115 longos
757 1062 849 1114 fuit,
871 1075 928 1103 an
947 1068 1137 1103 recentes

525 1127 708 1180 Carpere
727 1126 851 1168 flores
862 1127 882 1168 ’.Ι
1193 1121 1197 1126 ’

412 1266 460 1308 Si
479 1267 577 1319 quis
597 1266 803 1307 infamem
822 1267 930 1308 mihi
949 1280 1066 1308 nunc
1079 1267 1318 1321 ,iuvencum

412 1332 555 1372 Dedat
576 1333 718 1384 iratae,
741 1333 925 1373 lacerare
945 1331 1051 1372 ferro
1071 1339 1114 1372 et

414 1398 628 1450 Frangere
649 1398 786 1437 enitar
805 1397 932 1437 modo
951 1397 1139 1438 multum
1158 1396 1292 1438 amati

462 1491 468 1495 -
525 1462 701 1503 Cornua
720 1462 908 1502 monstri.

414 1591 648 1644 Impudens
669 1591 776 1643 liqui
796 1591 953 1644 patrios
973 1591 1167 1643 Penates,

415 1655 649 1708 Impudens
672 1656 834 1696 Orcum
853 1670 1002 1697 moror.
1060 1657 1099 1698 Ο
1119 1657 1296 1697 deorum

413 1721 461 1761 Si
481 1721 578 1773 quis
599 1721 707 1760 haec
727 1721 864 1771 audis,
886 1722 1052 1762 utinam
1071 1723 1180 1763 inter
1198 1733 1333 1763 errem

527 1785 658 1826 Nuda
678 1785 821 1826 leones
838 1786 847 1826 ἱ

414 1914 662 1966 Antequam
682 1916 815 1968 turpis
836 1916 995 1956 macies
1015 1916 1213 1956 decentes

416 1979 610 2032 Occupet
629 1981 767 2030 malas
789 1988 1042 2033 teneraeque
1063 1993 1219 2020 succus

414 2043 590 2085 Defluat
610 2045 802 2097 praedae,
825 2046 1016 2098 speciosa
1035 2057 1195 2097 quaero

526 2109 704 2150 Pascere
730 2110 868 2163 tigres.

418 2236 522 2278 Vilis
543 2237 725 2290 Europe,
747 2243 864 2290 pater
884 2244 1006 2290 urget
1025 2238 1203 2278 absens:

415 2301 538 2348 Quid
558 2302 664 2343 mori
683 2302 858 2343 cessas'?
915 2302 1041 2343 Potes
1059 2303 1142 2343 hac
1161 2302 1217 2343 ab
1235 2313 1339 2342 orno

785 2431 839 2464 48.
862 2433 956 2466 tauri.

1481 787 1540 830 40

1481 1263 1539 1306 45

1483 2042 1539 2084 55
