1612 2716
193 143 289 200 226
718 164 1003 198 summum

249 269 343 309 Hoc
363 268 436 308 ubi
456 267 688 309 confusum
709 270 834 308 sectis
855 268 1056 309 inferbuit
1073 269 1216 310 herbis

249 334 515 387 Corycioque
535 346 656 374 croco
677 347 874 387 sparsum
895 335 1019 386 stetit,
1041 335 1214 389 insuper
1231 335 1377 389 addes,

250 400 401 440 Pressa
423 398 693 439 Venafranae
714 399 831 452 quod
852 400 986 441 bacca
1006 401 1168 442 remisit
1186 401 1337 443 olivae.

252 466 421 505 Picenis
441 465 602 505 cedunt
622 466 760 518 pomis
783 466 983 506 'l‘iburtia
1004 479 1156 507 succo:
1492 469 1548 510 70
1569 475 1573 478 '

251 530 366 570 Nam
387 529 495 570 facie
517 537 746 583 praestant.
807 531 1033 571 Venucula
1052 532 1255 573 convenit
1272 532 1393 585 ollis;

250 596 425 636 Rectius
447 596 663 636 Albanam
683 596 804 636 fumo
824 596 1045 637 duraveris
1066 611 1212 639 uvam.

251 661 376 702 Hanc
397 674 476 714 ego
495 674 599 701 cum
621 662 756 713 malis,
780 675 859 715 ego
879 661 1043 703 faecem
1062 664 1225 716 primus
1247 671 1289 705 et
1308 664 1418 706 allec

253 727 421 767 Primus
441 734 483 767 et
503 728 696 768 invenior
715 728 832 780 piper
852 728 1010 780 album,
1031 742 1134 770 cum
1154 730 1243 770 sale
1262 731 1384 784 nigro

251 793 478 843 incretum,
501 793 618 845 puris
638 793 996 846 circumposuisse
1015 794 1182 835 catillis.
1494 797 1550 839 ‘75

252 859 448 898 Immane
469 865 532 898 est
552 859 719 910 vitium,
741 858 842 899 dare
862 859 999 900 millia
1019 866 1140 900 terna
1159 860 1351 913 macello,

252 925 533 977 Angustoque
554 937 688 977 vagos
708 925 845 977 pisces
867 938 1015 978 urgere
1036 926 1191 966 catino.

253 990 417 1042 Magna
438 997 582 1029 movet
602 990 823 1030 stomacho
843 990 1026 1046 fastidia,
1048 1004 1125 1032 seu
1145 1004 1251 1045 puer
1269 991 1412 1033 unctis

252 1055 477 1095 Tractavit
497 1055 675 1095 calicem
695 1056 907 1107 manibus,
929 1056 1036 1096 dum
1055 1056 1170 1097 furta
1189 1057 1344 1110 ligurit,

253 1121 355 1161 Sive
377 1121 519 1173 gravis
540 1121 672 1160 veteri
691 1127 879 1161 craterae
899 1121 1029 1162 limus
1049 1122 1257 1163 adhaesit.
1493 1124 1551 1165 80

254 1186 419 1226 Vilibus
441 1186 485 1226 in
506 1187 655 1239 scopis,
678 1187 722 1227 in
743 1187 922 1240 mappis,
945 1187 988 1227 in
1012 1188 1137 1228 scobe
1157 1194 1346 1240 quantus

254 1252 458 1291 Consistit
478 1252 709 1305 sumptus?
740 1253 954 1306 neglectiS‚
976 1252 1189 1307 flagitium
1208 1254 1371 1307 ingens.

254 1315 364 1356 Ten’
387 1316 549 1369 lapides
570 1317 710 1357 varios
731 1317 946 1357 lutulenta
965 1317 1111 1359 radere
1130 1319 1288 1371 palma,

254 1381 312 1420 Et
334 1381 494 1433 Tyrias
515 1381 616 1421 dare
637 1382 798 1422 circum
820 1382 937 1422 illota
957 1383 1106 1423 toralia
1125 1390 1276 1435 vestes,

255 1446 461 1496 Oblitum,
483 1453 647 1499 quanto
666 1460 817 1487 curam
834 1454 1145 1500 sumptumque
1166 1449 1375 1490 minorem
1493 1449 1550 1491 85

253 1511 373 1551 Haec
396 1513 592 1563 habeant,
614 1519 733 1553 tanto
753 1513 1006 1566 'reprehendi
1020 1514 1180 1568 justius
1200 1514 1295 1566 illis,

252 1577 382 1620 Quae
404 1577 486 1616 nisi
507 1577 711 1618 divitibus
732 1585 948 1631 nequeant
967 1580 1211 1632 contingere
1231 1579 1476 1620 mensis?—

253 1641 387 1680 Docte
409 1643 517 1693 Cati,
539 1656 612 1695 per
631 1645 866 1684 amicitiam
887 1645 1094 1696 divosque
1114 1651 1298 1696 rogatus,

253 1706 420 1745 Ducere
442 1720 510 1746 me
531 1708 744 1758 auditum,
766 1722 914 1760 perges
935 1721 1204 1760 quocunque,
1226 1715 1452 1749 memento.

252 1770 378 1821 Nam,
401 1772 602 1823 quamvis
623 1773 798 1812 memori
819 1772 973 1812 referas
994 1774 1100 1813 mihi
1120 1781 1284 1826 pectore
1304 1781 1472 1826 cuncta,
1493 1776 1549 1816 90

253 1835 350 1876 Non
372 1842 516 1876 tamen
537 1837 739 1890 interpres
760 1838 1015 1878 tantundem
1029 1840 1203 1892 juveris.
1263 1840 1387 1881 Adde

253 1899 433 1940 Vultum
455 1901 737 1955 habitumque
758 1903 955 1954 hominis,
977 1917 1108 1956 quem
1128 1911 1177 1945 tu
1196 1905 1355 1946 vidisse
1375 1906 1527 1946 beatus

254 1965 350 2006 Non
372 1967 519 2018 magni
541 1967 703 2020 pendis,
726 1969 830 2020 quia
849 1969 1048 2022 contigit3
1081 1976 1126 2009 at
1146 1970 1253 2010 mihi
1273 1983 1380 2011 cura

253 2030 351 2072 Non
373 2031 594 2072 mediocris
615 2033 735 2084 inest,
758 2033 894 2073 fontes
916 2040 964 2073 ut
983 2033 1099 2073 adire
1119 2041 1300 2075 remotos

253 2095 393 2148 Atque
415 2097 583 2138 haurire
603 2111 761 2151 queam
782 2099 894 2138 vitae
913 2106 1137 2152 praecepta
1157 2100 1320 2141 beatae.
1488 2101 1546 2142 95

354 2237 407 2269 73.
431 2236 535 2270 halec.
624 2238 676 2270 78.
699 2244 840 2270 movent.
930 2239 982 2271 79.
1005 2238 1117 2271 stuata.
1205 2241 1259 2273 84.
1282 2240 1395 2274 inluta.

534 2291 587 2323 87.
611 2296 782 2331 nequeunt.
870 2291 923 2323 90.
945 2291 1063 2325 referas
1076 2293 1222 2326 memori.
