1612 2716
150 121 247 169 266
646 128 988 163 mmmmm

204 238 362 280 Scurra
379 248 531 289 vagus,
552 247 640 276 non
660 235 736 288 qui
755 241 920 275 certum
939 246 1139 288 praesepe
1159 239 1331 287 teneret,

204 304 453 356 Impransus
473 314 559 342 non
579 301 655 354 qui
675 301 815 341 civem
834 300 1099 354 dignosceret
1119 300 1250 350 hoste,

203 368 435 414 Quaelibet
455 368 500 407 in
520 367 718 419 quemvis
738 366 959 419 opprobria
980 365 1140 419 fingere
1160 377 1328 416 saevm,
1442 364 1499 405 30

203 434 416 475 Pernicies
437 439 478 473 et
499 439 729 485 tempestas
749 432 1088 484 barathrumque
1108 429 1291 482 macelli,

202 497 432 551 Quidquid
452 498 703 550 quaesierat,
726 498 864 537 ventri
885 496 1074 537 donabat
1094 508 1238 536 avaro.

201 565 296 616 Hic,
319 563 393 604 ubi
415 563 630 616 nequitiae
651 562 891 602 fautoribus
911 568 954 602 et
974 561 1136 602 timidis
1156 561 1219 601 nil

200 630 291 671 Aut
309 629 490 683 paulum
512 628 756 679 abstulerat,
778 628 949 681 patinas
970 627 1179 668 coenabat
1198 626 1335 667 omasi

201 695 307 737 Vilis
328 702 370 735 et
389 694 586 748 agninae,
608 694 742 734 tribus
763 694 873 734 ursis
894 693 1011 746 quod
1031 693 1135 733 satis
1155 698 1290 744 esset3
1441 689 1499 731 35

201 761 372 803 Scilicet
391 767 440 800 ut
461 767 630 800 ventres
651 759 799 799 lamna
819 758 1031 799 candente
1051 765 1258 812 nepotum

159 872 162 876 .
201 828 371 868 Diceret
391 825 575 868 urendos
595 832 800 865 corrector
821 824 1004 865 Bestius.
1065 823 1188 865 Idem

160 883 161 886 ¹
180 884 182 887 ’
199 892 429 945 Quidquid
450 898 539 932 erat
559 898 712 932 nactus
733 890 916 945 praedae
937 890 1120 944 maioris,
1142 889 1218 930 ubi
1236 900 1364 930 omne

200 959 391 999 Verterat
411 958 456 998 in
477 956 650 998 fumum
669 963 711 997 et
730 957 928 1008 cinerem,
951 956 1051 997 Non
1069 954 1244 996 hercule
1264 955 1402 1006 miror,

199 1024 364 1074 Aiebat,
386 1023 422 1063 si
442 1023 517 1076 qui
536 1022 768 1063 comedunt
786 1023 910 1074 bona,
932 1034 1035 1062 cum
1055 1022 1110 1062 sit
1128 1021 1257 1062 obeso
1440 1019 1498 1061 40

200 1088 273 1129 Nil
295 1088 449 1130 melius
470 1088 604 1140 turdo,
626 1088 688 1128 nil
708 1087 843 1128 vulva
862 1087 1083 1141 pulchrius
1103 1086 1262 1140 ampla.

201 1154 419 1195 Nimirum
439 1154 510 1193 hic
530 1166 609 1207 ego
631 1167 728 1194 sum
744 1168 754 1207 ;
786 1166 891 1194 nam
911 1160 1004 1194 tuta
1024 1159 1066 1193 et
1085 1152 1267 1207 parvula
1285 1149 1429 1203 laudo,

201 1219 316 1259 Cum
336 1231 402 1259 res
423 1218 642 1271 deficiunt,
665 1220 769 1259 satis
789 1219 898 1260 inter
917 1219 1023 1259 vilia
1043 1218 1160 1260 fortis
1172 1232 1185 1271 ·;

201 1285 361 1325 Verum
382 1284 456 1324 ubi
476 1284 580 1336 quid
601 1284 756 1325 melius
775 1284 985 1338 contingit
1004 1291 1046 1324 et
1066 1283 1251 1334 unctius,
1271 1281 1389 1323 idem

201 1349 287 1390 Vos
309 1362 454 1402 sapere
474 1355 516 1389 et
536 1349 647 1389 solos
667 1350 736 1390 aio
755 1350 863 1390 bene
884 1350 1041 1401 vivere,
1062 1360 1248 1402 quorum
1440 1344 1499 1386 45

203 1414 473 1467 Conspicitur
491 1414 637 1455 nitidis
657 1414 841 1456 fundata
859 1415 1045 1469 pecunia
1063 1414 1192 1455 villis.

602 1777 886 1818 EPISTOLA
931 1777 1049 1817 XVI.

557 1908 635 1936 AD
679 1907 1092 1939 QUINCTIUM.

264 2026 331 2067 Ne
351 2025 617 2079 perconteris,
638 2024 802 2066 fundus
822 2037 956 2075 meus,
978 2025 1136 2077 optime
1157 2024 1352 2078 Quincti,

211 2092 325 2133 Arvo
344 2097 493 2143 pascat
512 2091 676 2142 herum,
697 2103 754 2131 an
774 2090 918 2130 baccis
937 2090 1151 2142 opulentet
1170 2089 1321 2142 olivae,

211 2156 423 2207 Pomisne,
447 2169 503 2195 an
523 2156 665 2208 pratis,
687 2168 744 2196 an
763 2155 922 2195 amicta
941 2155 1101 2195 vitibus
1122 2154 1264 2196 ulmo:

211 2222 426 2263 Scribetur
446 2221 521 2261 tibi
540 2221 676 2262 forma
695 2220 929 2274 loquaciter
947 2227 989 2260 et
1009 2221 1117 2260 situs
1137 2221 1240 2275 agri.

213 2287 417 2329 Continui
437 2293 613 2339 montes,
635 2287 681 2328 ni
700 2286 980 2327 dissocientur
997 2298 1133 2339 opaca
1383 2290 1393 2298 ⁵
1474 2283 1503 2326 ὅ

562 2417 617 2449 35.
641 2417 762 2457 agnini.
848 2415 904 2449 37.
926 2415 1097 2448 correctus.
