1650 2730
151 163 183 224 6
686 187 952 221 mmmm

315 290 477 333 Audax
496 291 632 345 Iapeti
652 305 790 346 genus

371 357 523 410 Ignem
542 356 692 398 fraude
712 358 828 398 mala
849 357 1045 411 gentibus
1066 359 1221 401 intulit.

316 421 418 462 Post
437 422 583 475 ignem
602 423 791 463 aetheria
811 423 938 464 domo

372 487 657 538 Subductum,
680 489 839 528 macies
860 495 902 529 et
919 502 1034 530 nova
1054 488 1239 531 febrium
1450 489 1509 532 30
1543 502 1547 504 ·

316 551 463 592 Terris
483 552 678 592 incubuit
697 553 858 604 cohors,

373 617 619 669 Sernotique
640 617 757 669 prius
777 617 899 657 tarda
918 619 1150 660 necessitas

316 681 412 722 Leti
431 682 631 734 corripuit
652 681 845 734 gradum.

373 746 590 799 Expertus
611 759 803 787 vacuum
824 747 1047 788 Daedalus
1068 751 1174 790 aera

317 812 476 852 Pennis
497 825 583 852 non
604 812 767 852 homini
788 812 923 853 datis:
1453 812 1508 852 35

373 877 568 930 Perrupit
586 877 829 918 Acheronta
849 878 1088 919 Herculeus
1109 878 1239 921 labor.

316 942 390 983 Nil
416 943 666 983 mortalibus
686 942 809 983 ardui
829 949 904 983 est.

373 1008 553 1048 Coelum
574 1008 716 1061 ipsum
735 1009 920 1061 petimus
941 1009 1132 1061 stultitia,
1154 1022 1296 1064 neque

316 1074 398 1116 Per
417 1080 610 1114 nostrum
630 1074 818 1126 patimur
838 1074 977 1114 scelus

363 1138 578 1179 Iracunda
598 1139 624 1180 J
625 1151 750 1179 ovem
769 1152 923 1192 ponere
943 1139 1139 1180 fuhnina.
1455 1138 1511 1179 40

743 1348 902 1356 --.

583 1544 591 1550 ,
646 1503 886 1543 GARMEN
923 1503 997 1543 IV.

562 1634 636 1662 AD
685 1634 733 1662 1..
783 1634 1081 1662 SESTIUM.

146 1753 336 1796 Solvitur
355 1751 463 1792 acris
483 1750 622 1790 hiems
643 1755 764 1802 grata
783 1749 877 1789 vice
897 1750 1008 1790 veris
1028 1757 1070 1790 et
1090 1751 1270 1805 Favoni,

202 1819 489 1869 Trahuntque
511 1816 646 1855 siccas
667 1815 894 1855 machinae
913 1815 1106 1868 carinas3

146 1884 210 1926 Ac
230 1895 369 1935 neque
384 1896 401 1935 J
432 1895 476 1922 m
497 1880 676 1948 stabulis
698 1879 858 1932 gaudet
875 1893 1018 1932 pecus,
1035 1887 1112 1921 aut
1131 1888 1270 1923 arator
1284 1883 1398 1938 igni;

203 1949 292 1990 Nec
313 1937 372 2001 15⁸⁰
362 1896 504 2011 aff}
452 1934 572 2011 (stiriis
574 1933 782 1985 albicant
802 1945 977 1998 pruinis.

145 2016 245 2057 Jam
266 2013 480 2066 Cytherea
499 2014 644 2051 choros
664 2010 784 2051 ducit
803 2010 961 2061 Venus,
982 2011 1231 2052 imminente
1246 2011 1386 2066 Luna,
1481 2022 1509 2061 5

202 2080 471 2130 junctaeque
493 2076 710 2129 Nymphis
731 2075 904 2116 Gratiae
925 2075 1123 2116 decentes

147 2145 321 2187 Alterno
341 2151 494 2183 terram
514 2143 715 2194 quatiunt
734 2140 852 2194 pede,
870 2140 977 2181 dum
993 2154 1143 2194 graves
1159 2142 1401 2196 Cyclopum

203 2209 426 2250 Vulcanus
446 2198 599 2247 ardens
620 2207 704 2246 urit
723 2205 928 2246 officinas.

147 2274 276 2317 Nunc
297 2273 417 2313 decet
437 2279 512 2312 aut
526 2271 651 2311 viridi
671 2271 856 2311 nitidum
876 2277 1007 2324 caput
1026 2271 1228 2324 impedire
1247 2278 1399 2325 myrto,

203 2339 293 2381 Aut
312 2337 424 2389 flore,
447 2344 578 2378 terrae
598 2349 730 2391 quem
748 2336 890 2377 ferunt
910 2337 1086 2377 solutae.
1459 2344 1511 2384 10

397 2468 456 2506 ³7.
477 2468 623 2501 arduum.
987 2466 1026 2500 C.
1042 2467 1086 2499 iv.
1102 2467 1134 2500 8.
1156 2468 1244 2499 visit.
