1612 2716
102 127 198 177 252
604 137 943 172 EPISTOLARUM

158 245 281 294 Quid
301 244 433 297 maris
449 250 661 284 extremos
683 243 848 283 Arabas
867 240 1044 289 ditantis
1062 246 1104 280 et
1123 239 1267 292 Indos,

107 316 113 320 '
157 311 346 361 Ludicra
366 310 481 364 quid,
503 302 683 363 plausus
703 315 744 348 et
765 308 891 348 amici
912 307 1027 348 dona
1046 306 1231 351 Quiritis

157 378 261 423 Quo
282 375 514 429 spectanda
534 375 671 425 modo,
693 387 778 427 quo
799 367 929 413 sensu
948 371 1086 422 credis
1104 378 1147 412 et
1165 371 1268 421 ore?

157 442 250 487 Qui
271 442 390 484 timet
410 441 478 481 his
499 440 691 490 adversa,
714 439 798 479 fere
819 439 999 478 miratur
1018 437 1180 488 eodem,

157 509 262 553 Quo
281 496 469 562 cupiens,
491 513 614 559 pacto
631 520 639 557 ;
672 513 803 558 pav'or
824 511 887 544 est
908 504 1132 555 utrobique
1152 502 1373 554 molestus,
1401 502 1456 543 10

76 600 89 606 κ
157 572 396 626 Improvisa
416 571 544 611 simul
566 572 727 623 species
748 574 930 609 exterret
949 575 1193 620 utrumque.

158 632 358 678 Gaudeat
377 650 433 677 an
455 636 607 687 doleat,
629 635 775 688 cupiat
794 640 1025 684 metuatve,
1046 633 1152 686 quid
1172 632 1230 674 ad
1249 646 1350 686 rem,

157 704 216 756 Si,
237 699 450 757 quidquid
468 702 578 742 vidit
598 701 752 741 melius
772 696 978 754 pers‘que
1000 711 1080 739 sua
1101 711 1186 752 spe,

157 769 326 810 Defixis
346 768 493 819 oculis,
516 768 744 819 animoque
765 773 806 806 et
825 778 996 818 corpore
1016 765 1180 818 torpet?

157 833 309 875 Insani
329 833 500 886 sapiens
520 845 677 872 nomen
698 830 816 882 serat,
838 843 1004 883 aequus
1025 830 1174 882 iniqui,
1400 830 1455 871 15

155 899 280 940 Ultra
299 911 432 951 quam
453 899 556 937 satis
577 904 641 937 est
661 897 862 936 virtutem
883 896 918 935 si
938 902 1054 949 petat
1075 896 1226 948 ipsam.

157 965 179 1005 Ι
199 968 328 1015 nunc,
350 970 575 1017 argentum
595 970 637 1002 et
657 975 843 1002 marmor
862 965 988 1002 vet'us
1009 973 1194 1013 aeraque
1213 968 1256 1001 et
1275 967 1387 1002 artes

157 1030 348 1082 Suspice,
370 1041 471 1068 cum
493 1028 675 1081 gemmis
695 1027 854 1080 Tyrios
875 1027 1028 1076 mirare
1048 1026 1232 1066 colores:

157 1094 322 1145 Gaude,
344 1094 460 1147 quod
481 1100 674 1146 spectant
694 1093 811 1133 oculi
831 1099 872 1132 te
893 1082 1009 1132 mille
1031 1091 1303 1144 loquentem

158 1160 341 1201 Gnavus
362 1172 488 1199 mane
509 1159 649 1199 forum
669 1165 712 1198 et
731 1158 998 1211 vespertinus
1018 1164 1114 1210 pete
1133 1164 1306 1209 tectum,
1400 1156 1458 1198 20

157 1227 222 1268 Ne
244 1226 342 1279 plus
363 1225 565 1266 frumenti
587 1224 803 1271 dotalibus
823 1230 980 1264 emetat
1000 1223 1113 1276 agris

157 1292 319 1343 Mutus,
341 1287 680 1343 et—indignum,
702 1289 818 1342 quod
838 1290 893 1330 sit
914 1289 1125 1343 pejoribus
1144 1294 1320 1328 ortus—-

156 1357 240 1398 Hic
261 1357 336 1397 tibi
357 1357 412 1413 sit
430 1356 582 1409 potius,
604 1368 738 1408 quam
758 1353 807 1395 tu
827 1354 1032 1394 mirabilis
1051 1353 1125 1393 illi.

157 1421 386 1474 Quidquid
407 1422 488 1461 sub
508 1428 615 1461 terra
636 1427 710 1471 est,
733 1420 778 1470 in
799 1420 991 1472 apricum
1012 1417 1191 1470 proferet
1210 1422 1354 1469 aetas;

158 1487 358 1528 Defodiet
378 1487 616 1538 condetque
636 1486 827 1525 nitentia.
888 1485 1002 1524 Cum
1022 1484 1130 1523 bene
1151 1489 1303 1523 notum
1398 1482 1454 1523 25

158 1553 350 1593 Porticus
373 1553 583 1605 Agrippae
604 1558 645 1591 et
666 1551 737 1590 via
759 1558 799 1590 te
820 1549 1089 1605 conspexerit
1110 1549 1235 1600 Appi,

157 1620 223 1659 Ire
245 1627 388 1658 tamen
409 1625 547 1667 restat,
572 1617 718 1656 Numa
738 1629 824 1667 quo
845 1615 1016 1654 devenit
1036 1621 1077 1653 et
1098 1614 1259 1653 Ancus.

158 1684 205 1726 Si
227 1684 339 1723 latus
360 1690 436 1722 aut
456 1695 577 1721 renes
598 1682 743 1727 morbo
764 1686 982 1719 tentantur
1001 1686 1140 1729 acuto,

158 1750 331 1794 Quaere
353 1747 502 1799 fugam
522 1746 668 1785 morbi.
729 1739 802 1783 Vis
823 1751 933 1783 recte
954 1745 1120 1783 vivere:
1152 1743 1250 1795 quis
1270 1743 1389 1784 non‘3

158 1815 206 1856 Si
226 1814 360 1853 virtus
383 1813 462 1852 hoc
485 1824 574 1850 una
594 1816 729 1862 potest
749 1809 861 1857 dare,
883 1809 1000 1848 fortis
1020 1809 1191 1848 omissis
1397 1809 1455 1849 30

159 1880 253 1921 Hoc
273 1892 352 1931 age
373 1877 547 1933 deliciis.
608 1876 819 1915 Virtutem
840 1875 969 1914 verba
991 1881 1116 1927 putas
1139 1881 1180 1914 et

159 1946 330 1986 Lucum
354 1944 470 1998 ligna
481 1943 500 1981 ’.ἶ
559 1942 688 1991 Cave,
711 1953 764 1980 ne
786 1947 929 1992 portus
950 1947 1129 1992 occupet
1150 1940 1265 1990 alter=

160 2011 226 2052 Ne
247 2009 503 2061 Cibyratica,
526 2020 580 2047 ne
601 2006 793 2059 Bithyna
814 2006 983 2058 negotia
1004 2005 1178 2058 perdas;

161 2074 279 2117 Mille
301 2074 461 2115 talenta
482 2071 772 2122 rotundentur,
794 2071 968 2110 totidem
990 2071 1133 2121 altera,
1155 2084 1276 2124 porro
1295 2076 1338 2112 et

161 2141 310 2182 Tertia
331 2138 574 2188 succedant,
597 2144 638 2177 et
658 2150 770 2189 quae
791 2149 887 2189 pars
908 2136 1088 2188 quadret
1108 2149 1323 2185 acervum.
1400 2135 1456 2177 35

162 2207 333 2249 Scilicet
353 2217 530 2246 uxorem
551 2217 653 2244 cum
673 2203 780 2252 dote,
803 2202 1030 2254 fidemque,
1052 2209 1094 2242 et
1114 2202 1287 2255 amicos,

163 2272 222 2314 Et
242 2284 390 2326 genuS,
410 2277 452 2311 et
471 2269 651 2310 formam
671 2269 817 2321 regina
839 2268 1027 2321 Pecunia
1048 2267 1191 2320 donat,

585 2420 638 2453 35.
663 2419 808 2459 quadrat,
825 2418 978 2451 Orelliue.
