1650 2730
193 169 257 217 82

733 173 1009 208 offlam·
1038 178 1052 195 ··

392 281 536 323 Paene
553 284 810 332 occupatam
830 276 1104 318 seditionibus

391 345 563 388 Delevit
581 344 743 386 Urbem
762 344 911 384 Dacus
930 348 974 383 et
992 341 1223 396 Aethiops3

449 411 532 452 Hic
552 410 690 451 classe
710 408 972 460 formidatus,
994 407 1066 448 ille
1495 405 1550 448 15

506 475 746 518 Missilibus
764 474 915 515 melior
934 473 1112 527 sagittis.

394 605 604 648 Fecunda
622 605 775 658 culpae
795 603 970 645 saecula
988 602 1162 657 nuptias

397 672 592 714 Primum
611 671 892 724 inquinavere
911 676 954 710 et
973 681 1111 722 genus
1130 673 1174 709 et
1191 666 1342 709 domos
1358 680 1370 721 ;

453 738 548 779 Hoc
567 736 684 778 fonte
703 736 896 777 derivata
913 734 1060 775 clades

507 803 562 845 In
580 802 765 856 patriam
783 801 1078 855 populumque
1096 798 1239 841 fluxit.
1495 796 1554 838 20

401 933 548 974 Motus
567 932 707 973 doceri
727 931 887 986 gaudet
905 930 1075 972 Ionicos

401 999 576 1039 Matura
595 994 728 1051 virgo,
749 1004 792 1037 et
810 996 989 1049 fingitur
1007 995 1194 1048 artibus;

457 1064 557 1105 Jam
577 1075 694 1103 nunc
714 1069 757 1103 et
776 1063 959 1102 incestos
979 1073 1146 1101 amores

514 1129 582 1170 De
602 1134 745 1168 tenero
764 1127 995 1168 meditatur
1013 1126 1179 1180 ungui:

403 1259 509 1300 Mox
523 1258 712 1313 juniores
732 1257 898 1311 quaerit
918 1256 1132 1297 adulteros
1501 1248 1558 1294 25

402 1325 518 1366 Inter
537 1323 679 1364 mariti
698 1324 814 1375 vina,
834 1336 976 1376 neque
996 1322 1125 1376 eligit,

458 1390 542 1430 Cui
563 1390 691 1429 donet
712 1389 981 1441 impermissa
1001 1388 1157 1440 raptim

513 1453 696 1504 Gaudia,
718 1453 954 1493 luminibus
974 1452 1170 1492 remotis:

403 1591 490 1634 Sed
503 1592 626 1646 jussa
645 1604 803 1643 coram,
821 1603 909 1632 non
930 1591 1029 1638 sines
1040 1591 1213 1632 conscio

404 1657 551 1710 Surgit
570 1657 733 1708 marito,
755 1669 833 1696 seu
853 1663 979 1697 vocat
998 1657 1164 1697 institor
1503 1653 1560 1695 30

457 1722 546 1763 Seu
566 1722 691 1761 navis
713 1721 932 1774 Hispanae
952 1722 1165 1775 magister,

513 1786 785 1828 Dedecorum
804 1787 1012 1840 pretiosus
1034 1792 1208 1840 emptor.

403 1927 502 1969 Non
522 1928 590 1968 his
604 1928 811 1982 Juventus
831 1934 922 1968 ona
941 1927 1189 1980 parentibus

403 1992 556 2033 Infecit
576 2006 734 2046 aequor
755 1993 966 2046 sanguine
986 1991 1162 2042 Punico,

459 2058 758 2111 Pyrrhumque
778 2066 819 2098 et
839 2059 1056 2110 ingentem
1075 2054 1229 2096 cecidit
1503 2052 1559 2094 35

515 2123 780 2164 Antiochum
799 2121 1175 2173 Hannibalemque
1195 2120 1361 2162 dirum:

379 2305 382 2309 ,
406 2260 494 2303 Sed
511 2260 767 2302 rusticorum
785 2232 981 2301 mascula
999 2259 1188 2302 militum

384 2372 388 2377 .
408 2326 562 2378 Proles,
584 2326 766 2368 Sabellis
785 2325 912 2367 docta
931 2326 1145 2379 ligonibus

315 2457 369 2491 22.
392 2458 543 2498 artabu„
563 2457 729 2499 frangitur.
859 2455 914 2489 27.
938 2458 1129 2490 intermissa.
1259 2454 1313 2489 26.
1336 2454 1460 2488 durum.
