1612 2716
141 187 260 240 308?
574 205 641 240 mr
672 205 803 238 Arme
834 205 1051 239 Pomm.

139 310 207 360 Ut,
228 309 303 362 qui
322 309 520 350 conducti
541 309 706 362 plorant
727 310 771 349 in
792 308 951 360 funere,
973 309 1123 351 dicunt

139 375 196 415 Et
217 375 379 415 faciunt
399 388 524 427 prope
545 375 667 427 plura
687 375 927 415 dolentibus
948 389 1003 415 ex
1024 376 1192 416 animo:
1222 375 1284 417 sic

139 441 308 480 Derisor
328 452 425 480 vero
445 440 542 492 plus
564 440 780 480 laudatore
803 448 1007 481 movetur.

138 506 276 558 Reges
297 505 497 544 dicuntur
516 506 663 545 multis
684 519 832 558 urgere
852 506 1025 546 culullis

138 571 196 611 Et
217 578 406 623 torquere
427 583 552 621 mero,
574 584 705 623 quem
725 571 989 624 perspexisse
1010 571 1213 623 laborant,
1401 570 1486 612 435

137 637 205 676 An
228 636 281 675 sit
300 635 488 675 amicitia
507 635 688 688 dignus:
721 637 755 675 si
776 636 966 676 carmina
986 635 1154 687 condes,

137 701 375 752 Nunquam
396 707 435 740 te
454 700 608 740 fallant
627 701 760 741 animi
780 702 862 741 sub
882 701 1012 754 vulpe
1033 701 1223 741 latentes.

137 767 374 813 Quinctilio
395 767 431 806 si
451 766 555 818 quid
575 767 781 817 recitares,
804 767 985 819 Corrige,
1008 766 1142 817 sodes,

136 834 241 884 Hoc,
263 832 414 882 aiebat,
436 839 478 871 et
496 831 590 871 hoc.
649 832 806 872 Melius
827 838 867 871 te
889 844 1011 884 posse
1030 844 1208 885 negares

135 900 209 940 Bis
231 906 379 951 terque
400 905 625 950 expertum
644 897 811 948 frustra,
833 897 972 937 delere
985 898 1176 951 jubebat,
1400 898 1486 940 440

136 965 196 1005 Et
215 964 327 1004 male
347 970 534 1003 tornatos
555 962 701 1003 incudi
721 962 893 1002 reddere
914 975 1074 1002 versus.

135 1029 182 1069 Si
203 1023 427 1068 defendere
447 1028 664 1079 delictum,
686 1040 820 1080 quam
840 1033 1011 1079 vertere,
1032 1027 1209 1080 malles3

135 1094 319 1134 Nullum
338 1093 450 1133 ultra
469 1093 650 1133 verbum
670 1100 745 1133 aut
765 1106 936 1146 operam
957 1093 1202 1133 insumebat
1221 1093 1408 1145 inanem,

135 1159 257 1203 Quin
279 1159 370 1198 sine
391 1158 513 1199 rivali
534 1165 659 1211 teque
679 1165 721 1198 et
741 1165 816 1198 tua
835 1158 951 1198 solus
972 1171 1150 1198 amares.

137 1223 209 1263 Vir
228 1223 366 1263 bonus
387 1230 429 1262 et
449 1223 635 1275 prudens
656 1236 807 1263 versus
827 1223 1104 1276 reprehendet
1125 1224 1288 1275 inertes,
1400 1224 1484 1265 445

135 1288 337 1341 Culpabit
357 1288 498 1340 duros,
521 1289 747 1341 incomptis
768 1289 931 1329 adlinet
951 1295 1094 1328 atrum

135 1353 402 1393 Transverso
422 1354 590 1393 calamo
612 1355 796 1406 signum,
819 1353 1043 1394 ambitiosa
1063 1352 1217 1394 recidet

135 1418 409 1470 ornamenta,
432 1432 584 1472 parum
604 1419 728 1459 claris
750 1419 890 1458 lucem
911 1418 1010 1458 dare
1030 1426 1160 1471 coget,

133 1484 296 1535 Arguet
316 1484 516 1537 ambigue
537 1484 712 1535 dictum,
734 1484 942 1524 mutanda
963 1484 1136 1535 notabit,

126 1549 229 1601 ‘Fiet
250 1549 533 1589 Aristarchus.
594 1550 691 1589 Non
712 1549 822 1589 dicet
840 1564 849 1588 ε
880 1562 957 1588 cur
976 1561 1054 1601 ego
1073 1549 1263 1589 amicum
1395 1550 1482 1591 450

133 1613 364 1654 Offendam
385 1615 430 1654 in
451 1614 578 1667 nugis
591 1615 610 1654 ’.ῑ
669 1615 763 1654 Hae
784 1627 924 1666 nugae
945 1614 1054 1653 seria
1074 1613 1233 1653 ducent

132 1679 183 1718 In
203 1679 320 1719 mala
340 1679 529 1719 derisum
549 1679 680 1719 semel
701 1687 1012 1731 exceptumque
1033 1678 1211 1718 sinistre.

131 1744 191 1784 Ut
210 1744 325 1784 mala
345 1757 475 1796 quem
496 1744 658 1783 scabies
679 1750 753 1783 aut
774 1744 945 1783 morbus
965 1744 1105 1796 regius
1125 1750 1259 1799 urget,

130 1808 220 1848 Aut
239 1808 453 1848 fanaticus
473 1821 583 1847 error
603 1815 644 1847 et
664 1807 870 1847 iracunda
892 1808 1045 1860 Diana,

131 1872 351 1913 Vesanum
371 1873 557 1925 tetigisse
579 1873 730 1913 timent
749 1873 1005 1926 fugiuntque
1025 1880 1205 1927 poetam,
1393 1877 1477 1918 455

131 1937 224 1982 Qui
245 1938 415 1989 sapiunt
434 1951 441 1977 :
473 1937 638 1990 agitant
659 1938 789 1990 pueri,
811 1938 1058 1991 incautique
1079 1946 1327 1992 sequuntur.

131 1995 225 2053 Hic,
248 2002 352 2042 dum
373 2002 568 2042 sublimis
589 2015 739 2042 versus
760 2008 948 2042 ructatur
967 2010 1008 2043 et
1027 2011 1146 2056 errat,

131 2068 178 2109 Si
199 2067 331 2107 veluti
352 2067 526 2107 merulis
547 2070 736 2108 intentus
756 2067 914 2108 decidit
935 2081 1092 2122 auceps

131 2133 183 2174 In
203 2139 381 2185 puteum
402 2132 637 2183 foveamve,
660 2133 766 2184 licet,
789 2133 1038 2185 Succurrite,
1061 2135 1240 2188 longum

133 2199 310 2248 Clamet,
333 2198 372 2237 io
392 2198 506 2237 cives
526 2198 534 2237 !
565 2210 651 2237 non
673 2199 725 2238 sit
745 2199 818 2250 qui
841 2199 981 2239 tollere
1001 2208 1129 2241 curet.
1390 2201 1475 2243 460

131 2263 178 2304 Si
197 2269 315 2303 curet
334 2263 431 2315 quis
451 2275 575 2315 opem
595 2262 698 2302 ferre
719 2270 760 2302 et
779 2263 996 2304 demittere
1015 2265 1175 2317 funem,

131 2328 224 2374 Qui
245 2328 338 2380 sciS,
360 2340 418 2370 an
436 2327 623 2381 prudens
643 2328 730 2368 huc
751 2341 795 2368 se
815 2330 1039 2383 projecerit,
1061 2337 1190 2383 atque

240 2478 315 2511 441.
337 2476 500 2516 fonmtos,
514 2475 554 2509 de
570 2478 652 2519 conj.
661 2487 675 2514 ,·
699 2483 746 2510 ter
759 2483 864 2516 natos,
878 2477 918 2510 de
933 2480 1015 2521 conj.
1111 2479 1187 2512 443.
1209 2479 1364 2513 mmebot.
