1612 2716
602 179 1030 217 mann.
1394 173 1492 221 291

204 283 482 327 Praemlerim
500 284 674 338 scriptor
692 284 851 326 delirus
869 285 1068 338 inersque
1087 286 1234 339 videri,

206 349 325 390 Dum
344 362 442 390 mea
459 349 669 390 delectent
688 350 805 391 mala
823 363 892 391 me
913 351 982 391 vel
1001 350 1186 404 denique
1206 351 1370 404 fallant,

205 416 357 461 Quam
376 428 520 468 sapere
540 422 582 456 et
600 415 722 468 ringi.
780 416 884 456 Fuit
902 416 1022 457 haud
1042 417 1240 469 ignobilis
1259 418 1397 471 Argis,

205 482 298 526 Qui
319 494 363 520 se
383 480 579 521 credebat
598 481 726 521 miros
745 480 893 521 audire
913 481 1145 535 tragoedos,

206 546 257 586 In
278 558 416 586 vacuo
437 546 573 586 laetus
593 558 729 586 sessor
747 546 1004 599 plausorque
1026 547 1213 600 theatr03
1412 547 1494 589 130

205 612 355 652 Cetera
374 612 449 664 qui
470 612 584 652 vitae
604 618 789 652 servaret
808 612 959 652 munia
977 619 1091 652 recto

205 676 333 727 More,
355 677 492 716 bonus
512 688 616 716 sane
636 676 816 727 vicinus,
837 677 1035 717 amabilis
1055 677 1221 730 hospes,

205 741 349 782 Comis
369 741 414 781 in
434 754 623 793 uxorem,
644 748 786 794 posset
804 742 879 794 qui
898 742 1115 795 ignoscere
1135 743 1269 784 servis

204 807 264 848 Et
283 807 404 860 signo
424 806 539 846 laeso
558 819 646 847 non
665 807 851 848 insanire
870 807 1074 860 lagenae3

204 871 352 912 Posset
369 871 445 924 qui
465 884 615 924 rupem
634 878 676 912 et
694 879 873 925 puteum
892 873 1026 913 vitare
1045 878 1274 926 patentem.
1411 872 1493 914 135

204 935 287 975 Hic
307 935 382 976 ubi
400 942 679 988 cognatorum
697 937 849 990 opibus
868 937 1066 990 curisque
1086 937 1268 978 refectus

206 998 388 1051 Expulit
405 1000 616 1040 helleboro
635 1002 834 1042 morbum
851 1002 1066 1055 bilemque
1086 1015 1264 1054 meraco,

206 1063 266 1103 Et
284 1063 390 1103 redit
408 1063 466 1104 ad
486 1077 601 1105 sese:
631 1066 720 1116 Pol,
741 1079 809 1106 me
829 1067 1054 1118 occidistis,
1076 1068 1214 1118 amici,

207 1128 306 1169 Non
326 1129 535 1179 servastis,
557 1129 627 1179 ait,
648 1129 720 1169 cui
739 1131 800 1169 sic
820 1137 985 1170 extorta
1005 1130 1203 1183 voluptas

207 1193 266 1233 Et
285 1192 482 1245 demptus
502 1205 575 1246 per
593 1194 683 1233 vim
703 1194 858 1234 mentis
878 1195 1145 1247 gratissimus
1165 1207 1287 1236 error.
1412 1194 1494 1235 140

209 1257 424 1297 Nimirum
444 1270 588 1310 sapere
608 1264 672 1297 est
691 1258 863 1311 abjectis
883 1258 986 1298 utile
1006 1259 1145 1311 nugis,

208 1323 267 1363 Et
287 1322 587 1375 tempestivum
606 1323 747 1374 pueris
766 1323 994 1363 concedere
1014 1323 1180 1375 ludum,

208 1388 273 1428 Ac
292 1400 379 1427 non
398 1388 527 1427 verba
547 1387 668 1439 sequi
687 1387 846 1427 fidibus
866 1388 1130 1429 modulanda
1150 1388 1328 1440 Latinis,

207 1450 295 1493 Sed
313 1465 437 1491 verae
457 1464 743 1504 numerosque
761 1452 996 1505 modosque
1014 1453 1199 1494 ediscere
1219 1454 1345 1493 vitae.

207 1516 422 1561 Quocirca
438 1529 607 1556 mecum
628 1516 776 1568 loquor
795 1517 902 1557 haec
922 1518 1163 1570 tacitusque
1183 1518 1392 1559 recordor:
1416 1518 1496 1560 145

207 1581 255 1622 Si
274 1581 349 1622 tibi
368 1580 490 1621 nulla
509 1581 623 1623 sitim
643 1581 782 1622 finiret
801 1582 923 1635 copia
943 1581 1160 1635 lymphae,

208 1646 410 1687 Narrares
430 1646 629 1687 medicis:
660 1647 787 1700 quod,
808 1654 970 1700 quanto
988 1648 1114 1701 plura
1133 1648 1302 1701 parasti,

209 1711 354 1750 Tanto
373 1711 496 1764 plura
515 1712 647 1764 cupis,
669 1712 833 1752 nulline
852 1712 1018 1753 faterier
1037 1713 1203 1753 audes'.z

209 1776 256 1816 Si
275 1775 435 1815 vulnus
455 1776 530 1816 tibi
549 1782 784 1817 monstrata
802 1777 944 1818 radice
964 1778 1034 1818 vel
1053 1778 1187 1818 herba

211 1839 308 1879 Non
328 1839 445 1879 fieret
464 1839 612 1892 levius,
633 1840 802 1894 sugeres
820 1842 962 1882 radice
980 1842 1051 1882 vel
1070 1842 1203 1883 herba
1417 1843 1499 1883 150

211 1903 460 1944 Proficiente
479 1905 587 1944 nihil
606 1907 799 1946 curarier.
857 1906 1078 1958 AudieraS,
1100 1908 1172 1948 eui

212 1968 322 2008 Rem
341 1967 386 2007 di
406 1967 620 2020 donarent,
642 1969 703 2009 illi
723 1969 924 2011 decedere
943 1984 1122 2023 pravam

212 2032 471 2085 Stultitiam;
502 2039 554 2085 et,
575 2046 677 2074 cum
697 2034 755 2075 sis
773 2035 908 2075 nihilo
927 2036 1163 2088 sapientior,
1184 2049 1240 2076 ex
1259 2049 1346 2090 quo

213 2097 380 2138 Plenior
398 2110 455 2149 eS,
477 2104 621 2139 tamen
640 2100 771 2140 uteris
792 2100 1068 2141 monitoribus
1090 2101 1225 2142 isdem
1237 2102 1257 2142 ’.ῑ

214 2163 270 2202 At
291 2162 326 2201 si
346 2161 517 2202 divitiae
536 2164 787 2216 prudentem
807 2165 979 2206 reddere
999 2173 1181 2219 possent,
1416 2166 1497 2206 155

215 2227 260 2267 Si
281 2226 486 2279 cupidum
505 2227 786 2282 timidumque
806 2231 949 2271 minus
969 2237 1021 2282 te,
1042 2244 1196 2285 nempe
1216 2232 1397 2282 ruberes,

216 2292 384 2331 Viveret
403 2291 448 2332 in
467 2292 584 2332 terris
604 2299 645 2333 te
665 2293 701 2334 si
720 2295 816 2347 quis
836 2296 1001 2336 avarior
1020 2309 1119 2336 uno.

216 2357 262 2397 Si
283 2356 495 2408 proprium
513 2363 587 2408 est,
608 2357 724 2410 quod
744 2361 840 2411 quis
860 2359 966 2400 libra
985 2366 1197 2401 mercatur
1215 2365 1258 2398 et
1277 2371 1384 2409 aere,

216 2420 460 2473 Quaedam,
481 2421 517 2462 si
535 2421 670 2463 credis
688 2424 905 2477 consultis,
925 2425 1143 2478 mancipat
1162 2435 1268 2464 usus
1284 2436 1294 2475 ;
