1612 2716
933 80 947 100 Ι

585 183 816 220 namn.
881 181 992 216 ιι.
1377 164 1475 215 279

185 293 483 346 Jurandasque
502 298 629 332 tuum
647 303 721 344 per
739 299 895 330 nomen
914 285 1116 340 ponimus
1135 296 1244 335 aras,

186 361 258 402 Nil
278 361 485 400 oriturum
505 357 624 407 alias,
646 355 707 396 nil
727 361 867 395 ortum
886 352 971 393 tale
992 351 1186 391 fatentes.

185 427 271 468 Sed
293 433 394 466 tuus
414 425 484 464 hic
503 422 699 476 populus,
721 420 892 473 sapiens
912 425 955 458 et
967 419 1111 471 justus
1132 416 1176 456 in
1197 427 1296 466 uno,

188 492 256 532 Te
276 491 429 531 nostris
449 488 643 538 ducibus,
665 493 705 526 te
726 485 865 526 Graiis
885 481 1168 532 anteferendo,

188 557 339 597 Cetera
359 565 635 607 nequaquam
658 551 785 591 simili
806 550 966 590 ratione
987 546 1199 599 modoque
1422 545 1479 585 20

187 622 407 671 Aestimat,
428 626 480 670 et,
501 619 584 659 nisi
603 630 715 670 quae
735 615 853 656 terris
874 620 1037 654 semota
1057 612 1234 664 suisque

186 686 472 740 Temporibus
492 683 696 724 defuncta
714 681 843 731 videt,
864 678 1028 720 fastidit
1047 685 1090 718 et
1108 676 1220 717 odit:

186 753 259 794 Sic
280 751 419 792 fautor
438 756 641 800 veterum,
663 755 712 788 ut
732 746 902 787 tabulas
922 756 1096 798 peccare
1116 748 1322 792 vetanteS,

188 819 315 863 Quas
335 817 399 857 bis
419 815 610 869 quinque
630 813 709 854 viri
730 818 978 862 sanxerunt,
1004 808 1174 850 foedera
1192 818 1343 861 regum

189 883 266 924 Vel
286 882 434 923 Gabiis
455 880 523 921 vel
543 880 646 920 c'um
664 878 813 932 rigidis
833 882 1019 929 aequata
1039 873 1224 924 Sabinis,
1425 870 1481 910 25

190 947 450 989 Pontificum
469 946 606 996 libros,
628 957 794 985 annosa
812 941 1035 983 volumina
1054 946 1219 990 vatum,

192 1013 365 1053 Dictitet
384 1012 550 1051 Albano
572 1011 722 1050 Musas
743 1009 788 1049 in
808 1014 951 1048 monte
971 1007 1147 1046 locutas.

191 1078 250 1127 Si,
271 1077 373 1129 quia
394 1077 653 1116 Graecorum
673 1081 775 1114 sunt
794 1072 1094 1124 antiquissima
1113 1078 1309 1121 quaeque

194 1143 361 1195 Scripta
380 1141 449 1181 vel
469 1140 639 1192 optima,
661 1138 845 1179 Romani
865 1143 1100 1189 pensantur
1117 1133 1271 1173 eadem

193 1208 424 1260 Scriptores
444 1206 614 1255 trutina,
636 1217 722 1244 non
742 1210 806 1242 est
825 1201 940 1254 quod
960 1200 1098 1240 multa
1118 1199 1371 1251 loquamur:
1429 1196 1486 1236 30

194 1273 266 1314 Nil
287 1273 398 1313 intra
417 1277 481 1311 est
499 1270 649 1320 oleam,
672 1268 732 1308 nil
752 1274 874 1307 extra
893 1272 958 1306 est
977 1266 1022 1305 in
1042 1277 1153 1304 nuce
1173 1263 1293 1303 duri:

195 1338 401 1379 Venimus
422 1335 478 1375 ad
500 1346 720 1374 summum
739 1332 944 1382 fortunae,
965 1330 1182 1383 pingimus
1202 1335 1332 1380 atque

196 1402 427 1444 Psallimus
446 1407 488 1440 et
508 1400 723 1440 luctamur
742 1397 920 1437 Achivis
941 1395 1108 1436 doctius
1129 1394 1283 1434 unctis.

195 1469 243 1510 Si
262 1468 437 1508 meliora
456 1466 558 1516 dies,
580 1471 629 1504 ut
649 1464 763 1513 vina,
786 1468 982 1515 poemata
1002 1459 1148 1511 reddit,

195 1534 312 1575 Scire
332 1532 473 1582 velim,
494 1530 654 1571 chartis
674 1527 856 1582 pretium
875 1533 1035 1579 quotus
1053 1531 1218 1578 arroget
1236 1532 1391 1564 annus⁸
1432 1522 1488 1563 35

197 1599 392 1651 Scriptor,
413 1597 572 1638 abhinc
593 1607 729 1635 annos
748 1600 923 1634 centum
942 1592 1019 1645 qui
1038 1590 1207 1641 decidit,
1228 1590 1337 1630 inter

197 1663 410 1705 Perfectus
429 1669 676 1713 veteresque
697 1658 836 1700 referri
858 1658 992 1708 debet,
1015 1670 1071 1697 an
1092 1657 1201 1696 inter

204 1729 316 1770 Viles
336 1735 463 1781 atque
484 1726 648 1767 novos?
707 1724 927 1766 Excludat
941 1723 1084 1778 jurgia
1104 1721 1271 1762 finis—

206 1793 283 1834 Est
303 1800 425 1832 vetus
446 1799 574 1844 atque
594 1791 761 1844 probus,
782 1796 957 1829 centum
976 1788 1051 1840 qui
1071 1786 1235 1840 perficit
1253 1796 1461 1825 annos.—

203 1857 336 1908 Quid,
357 1857 431 1909 qui
451 1857 625 1908 deperiit
644 1856 782 1895 minor
801 1867 888 1894 uno
907 1866 1055 1894 mense
1074 1852 1145 1892 vel
1165 1863 1290 1902 anno,
1436 1848 1493 1889 40

205 1924 321 1964 Inter
340 1933 448 1973 quos
468 1919 710 1960 referendus
730 1920 807 1958 erit
821 1919 841 1958 ’.ἰ
869 1925 1085 1958 veteresne
1105 1922 1263 1969 poetas,

206 1989 275 2027 An
296 1999 402 2039 quos
422 1993 463 2024 et
482 1997 681 2038 praesens
701 1990 743 2023 et
762 1989 929 2036 postera
948 1987 1122 2034 respuat
1140 1987 1261 2021 aetas
1271 1980 1350 2020 2—

206 2052 290 2092 Iste
310 2050 484 2102 quidem
503 2055 665 2089 veteres
685 2048 792 2088 inter
811 2053 992 2100 ponetur
1010 2046 1198 2096 honeste,

207 2116 300 2160 Qui
318 2115 388 2154 vel
407 2127 553 2155 mense
571 2114 689 2154 brevi
709 2113 778 2153 vel
798 2119 884 2152 toto
904 2118 968 2151 est
981 2110 1124 2165 junior
1143 2122 1330 2150 anno.—

208 2180 313 2221 Utor
332 2179 544 2231 permisso,
565 2177 813 2230 caudaeque
833 2177 940 2230 pilos
960 2183 1009 2216 ut
1027 2175 1210 2228 equinae
1439 2171 1495 2211 45

209 2243 442 2285 Paullatim
461 2242 583 2292 vello,
603 2248 646 2281 et
664 2241 788 2286 demo
807 2254 958 2292 unum,
978 2241 1105 2281 demo
1123 2247 1166 2280 et
1185 2240 1288 2280 item
1307 2248 1456 2286 unum,

211 2309 332 2350 Dum
350 2307 477 2348 cadat
494 2306 642 2347 elusus
661 2307 821 2346 ratione
838 2306 1000 2347 ruentis
1019 2305 1172 2355 acervi,

385 2454 427 2487 B.
442 2455 466 2488 i.
483 2447 536 2488 1'6.
557 2451 686 2493 mmet,
701 2452 855 2488 Οηῑῐίιῖιυ.
941 2452 994 2486 46.
1018 2455 1136 2490 etiam3
1156 2450 1278 2483 itidem.
