1650 2730
169 156 233 202 36

699 203 702 206 .
710 168 975 202 CARMINUM

418 281 633 322 Decantes
653 280 806 334 elegos,
828 294 905 322 cur
923 282 998 322 tibi
1012 283 1156 336 Junior

530 346 672 388 Laesa
686 347 923 400 vpraeniteat
942 347 1040 389 fide.

416 475 636 529 Insignem
657 476 777 516 tenui
796 476 931 517 fronte
950 477 1166 530 Lycorida

418 541 521 594 Cyri
541 550 667 582 torret
686 554 827 594 amor;
861 542 1002 595 Cyrus
1023 543 1067 582 in
1088 555 1283 596 asperam

416 605 616 646 Declinat
635 605 850 658 Pholoen3
883 606 958 646 sed
978 607 1095 659 prius
1115 607 1270 661 Apulis

527 670 554 711 J
555 676 771 723 ungentur
789 683 966 724 capreae
986 671 1109 725 lupis,

415 799 567 844 Quam
587 799 700 852 turpi
719 799 879 840 Pholoe
898 806 1043 852 peccet
1063 800 1266 842 adultero.

415 863 487 905 Sic
507 864 652 904 visum
671 864 837 916 Veneri,
859 865 930 905 cui
950 865 1089 918 placet
1107 866 1291 919 impares

415 928 595 970 Formas
616 935 746 982 atque
766 929 932 969 animos
952 930 1034 970 sub
1047 931 1154 984 juga
1174 930 1314 971 aenea

526 994 666 1035 Saevo
687 994 853 1035 mittere
873 1007 975 1035 cum
987 995 1095 1050 joco.

415 1122 567 1176 Ipsum
586 1136 666 1175 me,
688 1123 837 1164 melior
856 1136 958 1165 cum
977 1130 1135 1177 peteret
1154 1116 1314 1177 Venus,

417 1188 550 1228 Grata
569 1188 751 1228 detinuit
770 1188 973 1241 compede
994 1189 1179 1242 Myrtale

413 1251 642 1305 Libertina,
662 1253 779 1294 fretis
799 1254 932 1294 acrior
950 1253 1138 1295 Hadriae

530 1318 762 1360 Curvantis
783 1319 987 1360 Calabros
1007 1319 1141 1360 sinus.

600 1669 840 1710 GARMEN
876 1670 1076 1711 XXXIV.

636 1799 707 1826 AD
744 1800 805 1826 SE
846 1800 1038 1828 IPSUM.

385 1914 547 1955 Parcus
567 1914 744 1956 deorum
763 1917 899 1957 cultor
918 1923 959 1957 et
979 1916 1235 1986 infrequens,

387 1979 644 2019 Insanientis
664 1980 770 2021 dum
791 1982 1023 2034 sapientiae

444 2044 677 2085 Consultus
698 2058 797 2097 erro,
819 2059 936 2086 nunc
955 2052 1183 2086 retrorsum

502 2108 605 2148 Vela
625 2109 725 2150 dare
746 2118 874 2163 atque
894 2112 1043 2151 iterare
1063 2122 1215 2150 cursus

387 2235 525 2290 Cogor
544 2236 709 2276 relictos
727 2251 736 2277 :
766 2250 954 2289 namque
974 2238 1196 2291 Diespiter,

379 2301 484 2361 'Igni
504 2313 677 2342 corusco
697 2302 846 2343 nubila
866 2302 1061 2344 dividens

639 2430 678 2466 C.
695 2433 808 2465 xxxiii.
826 2433 856 2465 7.
881 2432 1028 2473 Appulia.

1460 865 1516 908 10

1460 1253 1514 1295 15
