1650 2730
706 171 971 204 CARMINUM

329 272 455 314 Nube
475 273 707 315 candentes
729 275 929 316 humeros
949 275 1144 329 amictus,

440 338 593 392 Augur
612 340 765 393 Apollo
781 355 791 393 ;

329 468 430 509 Sive
451 475 499 509 tu
520 470 670 521 mavis,
694 470 885 524 Erycina
905 473 1059 523 ridens,

327 534 478 578 Quam
498 535 628 575 Jocus
649 536 928 576 circumvolat
947 543 989 576 et
1009 537 1202 591 Cupido3

326 599 428 639 Sive
450 600 691 652 neglectum
714 614 851 653 genus
871 609 913 641 et
932 610 1106 655 nepotes

437 665 643 718 Respicis,
665 673 823 718 auctor,
892 706 910 722 ‚

322 793 422 834 Heu
443 795 571 836 nim1s
592 796 718 850 longo
739 797 889 838 satiate
909 797 1023 850 ludo,

322 859 469 904 Quem
483 861 610 914 juvat
629 861 790 902 clamor
810 863 1043 916 galeaeque
1063 863 1191 917 leves,

321 924 432 965 Acer
451 931 494 965 et
513 925 657 967 Mauri
676 926 830 980 peditis
849 935 1079 970 cruentum

433 992 592 1033 Vultus
611 993 657 1033 in
676 992 842 1033 hostem
858 1006 869 1046 3

319 1121 421 1162 Sive
441 1128 611 1162 mutata
624 1123 832 1176 Juvenem
851 1123 992 1177 figura

317 1186 421 1227 Ales
442 1187 487 1227 in
507 1187 626 1227 terris
647 1188 836 1240 imitaris,
858 1188 999 1229 almae

317 1251 459 1293 Filius
480 1252 634 1304 Maiae,
656 1253 824 1306 patiens
843 1254 985 1295 vocari

428 1317 625 1358 Caesaris
645 1318 779 1372 u1t0r;

318 1453 448 1494 Serus
469 1453 514 1493 in
533 1454 702 1494 coelum
722 1455 882 1507 redeas,
904 1455 1066 1509 diuque

314 1516 479 1557 Laetus
500 1518 666 1558 intersis
686 1519 843 1571 populo
863 1521 1049 1573 Quirini,

315 1581 436 1622 Neve
457 1588 498 1622 te
517 1583 671 1623 nostris
691 1583 806 1624 vitiis
826 1584 1027 1638 iniquum

427 1647 555 1687 Ocior
573 1661 680 1688 aura

313 1775 473 1816 Tollat.
533 1777 616 1816 Hic
637 1790 817 1830 magnos
837 1779 977 1831 potius
997 1781 1246 1835 triumphos,

311 1840 395 1880 Hic
416 1853 535 1881 ames
555 1841 638 1881 dici
658 1849 776 1895 pater
795 1849 923 1896 atque
943 1845 1150 1899 princeps,

310 1905 409 1946 Neu
430 1906 547 1946 sinas
567 1906 718 1947 Medos
737 1909 926 1961 equitare
947 1910 1116 1963 inultos,

422 1971 489 2011 Te
509 1971 632 2024 duce,
654 1973 824 2014 Caesar.

262 2111 314 2144 31.
338 2111 500 2143 candenti.
640 2113 694 2145 39.
721 2113 833 2152 Marsi,
845 2114 884 2146 de
901 2116 983 2157 conj,
1126 2117 1179 2150 46.
1205 2119 1350 2157 Quirino.

1478 573 1538 644 35⁵

1469 991 1526 1033 40

1461 1463 1518 1505 45

1458 1848 1513 1888 50
