1612 2716
570 161 784 204 mnt-
845 161 973 196 sn.
1347 148 1445 207 1'145,

95 265 276 318 Accidit,
294 271 345 323 ut
360 264 542 318 quidam
560 271 689 305 testes
706 264 981 319 caudamque
999 264 1191 307 salacem
1387 266 1447 308 46

97 331 338 381 &meteret
356 330 475 371 ferro.
531 330 636 372 Jure
655 342 831 382 omnes3
861 329 1003 380 Galba
1021 330 1220 384 negabat.

95 395 1169 450 Tutioratquantomerxoetinclaaoesecunda,

96 462 413 505 libertinarum
429 460 538 512 dico,
557 460 793 502 Sallustius
811 461 858 502 in
875 474 988 515 quas

98 527 198 583 Nun
218 527 364 568 minus
381 526 553 578 insanit,
572 539 709 580 quam
725 526 804 579 qui
820 526 1096 568 moechatur:
1125 532 1172 567 at
1189 526 1263 568 hic
1281 526 1331 578 si,

98 593 206 638 Qua
225 605 304 644 res,
322 604 414 645 qua
430 591 538 641 ratip
556 590 755 632 suaderet
773 604 948 644 quaque
967 591 1159 633 modeste
1394 592 1452 633 50

99 657 309 700 Munifico
325 669 420 698 esse
440 656 549 708 licet,
569 656 699 697 vellet
717 657 856 698 bonus
874 664 1006 710 atque
1025 657 1238 711 benignus

98 722 221 774 Esse,
239 722 360 775 daret
377 729 594 775 quantum
612 722 717 762 satis
735 729 848 762 oeset
866 735 947 763 nec
965 722 1048 764 sibi
1065 722 1227 763 damno

99 787 395 843 DedecoriqOE
412 786 530 828 foret.
587 787 749 828 Verum
768 788 851 828 hoc
869 800 917 828 se
936 787 1208 841 amplectitur
1226 800 1327 839 uno,

101 853 395 894 Hocamatet
413 851 591 894 laudat:
620 852 866 894 matronam
883 853 1328 907 nullamegotango:

102 918 164 958 Ut
179 917 400 970 quondam
419 918 656 969 Marsaeus,
676 926 843 959 amator
862 918 1052 972 Originis
1070 918 1155 970 ille,
1397 918 1455 960 55

99 983 194 1027 Qui
213 983 399 1035 patrium
415 983 575 1024 mimae
593 982 726 1024 donat
743 982 1017 1036 fundumque
1036 983 1270 1035 laremque,

101 1046 175 1088 Nil
194 1045 319 1087 merit
336 1054 410 1097 ml,
429 1047 580 1099 inquit,
599 1060 702 1088 cum
721 1049 927 1088 uxoribus
946 1061 1145 1100 unquam
1162 1047 1328 1088 alienis.

105 1111 267 1153 verum
287 1118 353 1151 oet
370 1123 473 1151 cum
484 1111 647 1162 mimis,
667 1119 733 1152 oet
751 1125 855 1152 cum
873 1113 1177 1163 meretricibus,
1199 1111 1317 1154 unde

104 1176 246 1217 Fama
264 1175 431 1215 malum
451 1175 625 1228 gravius
643 1188 779 1228 quam
796 1189 864 1216 ιω
879 1177 1019 1216 trahit.
1078 1177 1151 1217 An
1170 1177 1247 1217 tibi
1264 1174 1440 1217 abunde

33 1278 43 1286 ,
102 1241 339 1282 Personam
356 1241 460 1280 satis
478 1247 555 1291 ost,
575 1253 663 1280 non
683 1240 805 1291 illud,
826 1240 1039 1293 quidquid
1061 1241 1224 1294 ubique
1401 1241 1460 1282 60

103 1305 259 1356 officit,
280 1305 470 1346 evitare?
526 1305 695 1346 Bonam
712 1305 938 1358 deperdere
957 1305 1133 1357 famam,

101 1371 215 1412 Rem
232 1370 363 1424 patris
382 1369 599 1420 oblimare,
615 1369 783 1410 malum
796 1377 862 1410 est
882 1370 1145 1423 ubicunque„
1188 1369 1314 1416 Quid
1331 1370 1457 1412 inter-

102 1443 170 1476 est
187 1436 234 1475 in
251 1442 458 1486 matrona,
478 1434 639 1475 ancilla
657 1447 862 1488 peccesne
882 1435 1058 1488 togata?

103 1498 259 1541 Villius
279 1500 325 1540 in
346 1500 514 1540 Fausta
532 1499 682 1540 Sullae
701 1513 840 1553 gener,
861 1500 944 1540 hoc
964 1500 1093 1540 miser
1110 1512 1200 1541 uno

106 1565 291 1606 Nomine
309 1563 526 1618 deceptus,
544 1577 707 1618 poenas
725 1564 843 1605 dedit
862 1578 1001 1618 usque
1021 1578 1234 1618 superque
1400 1564 1458 1606 65

103 1630 259 1674 Quam
276 1629 381 1670 satis
399 1636 476 1680 est,
496 1630 655 1682 pugnis
674 1642 828 1670 caesus
846 1629 1040 1682 ferroque
1060 1630 1231 1684 petitus,

104 1693 329 1735 Exclusus
348 1693 447 1746 fore,
466 1707 571 1735 cum
587 1693 871 1747 Longarenus
890 1693 997 1734 foret
1014 1695 1145 1735 intus.

104 1759 222 1802 Huic
241 1760 279 1800 si
297 1759 487 1800 mutonis
506 1759 646 1800 verbis
664 1759 782 1800 mala
801 1766 923 1800 tanta
940 1759 1127 1800 videntis

106 1823 277 1865 Diceret
294 1825 404 1865 haec
422 1824 621 1866 animus:
651 1824 775 1870 Quid
789 1825 857 1866 vis
871 1825 983 1866 tibi?
1025 1824 1238 1878 Nunquid
1255 1837 1336 1879 ego
1353 1837 1382 1865 a
1399 1831 1442 1865 te

107 1888 269 1942 Magno
286 1895 545 1942 prognatum
563 1888 747 1943 deposco
764 1890 943 1930 consule
962 1903 1161 1931 cunnum
1404 1890 1462 1930 70

108 1953 395 2007 Velatumque
413 1954 534 2005 stola,
554 1967 654 1995 mea
671 1967 776 1996 cum
794 1954 1034 1996 conferbuit
1051 1955 1147 1996 ira‘l
1228 1956 1231 1958 ’

110 2018 235 2062 Quid
252 2019 521 2072 responderet
532 2020 554 2060 ’.ἱ
610 2019 773 2074 Magno
791 2027 910 2073 patre
929 2028 1035 2060 nata
1052 2020 1199 2074 puella
1216 2026 1294 2061 oet.

112 2082 173 2122 At
189 2090 349 2134 quanto
366 2084 542 2125 meliora
559 2092 706 2126 monet
723 2085 1049 2139 pugnantiaque
1068 2085 1162 2127 isus

113 2145 249 2186 Divos
266 2147 358 2199 opis
376 2156 532 2189 natura
550 2163 667 2202 suae,
687 2157 737 2191 tu
756 2151 793 2191 si
811 2151 940 2192 modo
958 2158 1071 2191 recte

115 2210 372 2263 Dispensare
390 2212 499 2252 velis
517 2226 570 2254 ac
587 2227 676 2255 non
693 2215 900 2269 fugienda
918 2214 1113 2270 petendis
1405 2214 1462 2255 75

115 2274 372 2315 Immiscere.
429 2276 533 2316 'ruo
549 2278 655 2318 vitio
671 2292 870 2321 rerumne
892 2280 1070 2332 labores,

284 2384 409 2422 45,.46
431 2385 927 2422 αιίὰιιι-Βαιιειεωῐεπιιιιι.
1015 2391 1069 2422 51.
1093 2387 1294 2420 Munifiam.

342 2436 622 2471 annulum
709 2441 950 2482 fiam
1037 2442 1092 2474 68.
1113 2441 1246 2473 videnti.
