1650 2730
159 157 226 203 40

694 161 959 196 nmmum

580 350 817 391 GARMEN
858 347 1086 388 XXXVII.

644 490 712 518 AD
753 487 1020 517 soDALES.

385 618 513 660 Nune
532 623 596 657 est
614 615 859 665 bibendum,
880 625 998 654 nune
1017 610 1124 665 pede
1144 610 1274 651 libero

384 681 606 724 Pulsanda
625 681 762 732 tellus,
784 692 901 720 nunc
922 677 1158 719 Saliaribus

441 748 604 788 Ornare
624 746 824 799 pulvinar
843 744 1021 784 deorum

497 812 693 865 Tempus
717 816 806 851 erat
825 809 1018 863 dapibus,
1040 805 1219 847 sodales.

386 942 582 983 Antehac
601 941 723 981 nefas
742 940 985 993 depromere
1006 936 1258 978 Caecubum

383 1007 515 1049 Cellis
535 1007 671 1058 avitis,
692 1005 798 1046 dum
818 1003 1028 1057 Capitolio

439 1072 608 1125 Regina
627 1071 846 1111 dementes
865 1069 1013 1109 ruinas

494 1138 648 1178 Funus
668 1142 710 1176 et
729 1135 903 1188 imperio
922 1132 1103 1187 parabat

382 1267 684 1309 Contaminato
703 1278 806 1306 cum
826 1276 951 1318 grege
970 1262 1163 1316 turpium

383 1333 532 1374 Morbo
552 1332 750 1382 virorum,
772 1329 981 1383 quidlibet
1000 1328 1209 1381 impotens

440 1399 628 1451 Sperare,
650 1396 906 1447 fortunaque
927 1393 1044 1433 dulei

497 1462 640 1502 Ebria.
700 1459 786 1501 Sed
805 1458 962 1499 minuit
980 1456 1166 1497 furorem

382 1592 467 1632 Vix
488 1602 579 1631 una
599 1601 743 1642 sospes
763 1587 888 1628 navis
909 1586 964 1626 ab
984 1585 1166 1638 ignibus,

384 1657 660 1707 Mentemque
681 1653 955 1706 lymphatam
974 1649 1204 1690 Mareotico

440 1719 620 1772 Redegit
640 1719 685 1758 in
705 1730 826 1757 veros
849 1717 1017 1756 timores

498 1785 668 1834 Caesar,
690 1783 744 1822 ab
765 1781 891 1822 Italia
910 1780 1129 1820 volantem

384 1914 532 1956 Remis
553 1914 778 1967 adurgens,
800 1913 998 1966 accipiter
1017 1912 1138 1952 velut

384 1979 536 2020 Molles
556 1979 788 2029 columbas,
810 1985 886 2018 aut
905 1978 1090 2030 leporem
1109 1975 1220 2016 citus

439 2044 624 2085 Venator
644 2044 689 2083 in
709 2043 873 2096 eampis
893 2041 1049 2083 nivalis

495 2108 771 2159 Haemoniae,
792 2107 910 2147 daret
930 2111 979 2146 ut
998 2104 1159 2145 eatenis

386 2237 540 2279 Fatale
558 2242 824 2277 monstrum:
854 2246 965 2287 quae
985 2233 1230 2286 generosius

384 2303 524 2345 Perire
542 2313 761 2355 quaerenS‚
782 2312 861 2340 nec
880 2297 1139 2339 muliebriter

527 2431 566 2465 C.
582 2431 702 2464 xxxvii.
720 2429 771 2462 12.
795 2429 916 2461 Ebria:
940 2427 1011 2465 sed,
1027 2426 1140 2459 Orelli.

1452 1321 1508 1364 10

1451 1711 1506 1754 15
