1612 2716
179 183 274 230 154
750 187 944 220 EPODON
961 198 967 204 -

387 296 499 336 Cum
521 293 666 334 Pallas
686 298 781 332 usto
801 292 924 331 vertit
944 291 1052 331 iram
1071 292 1127 331 ab
1145 288 1226 331 Ilio

309 367 340 388 ⁰
443 361 496 401 In
520 360 696 412 impiam
715 357 857 411 Ajacis
877 364 1022 397 ratem.

395 425 432 468 Ο
451 432 640 478 quantus
661 424 790 463 instat
809 422 966 462 navitis
986 421 1116 462 sudor
1133 419 1232 472 tuis,
1473 417 1526 458 15

445 491 632 542 Tibique
653 489 787 542 pallor
807 488 960 538 luteus,

391 556 450 596 Et
469 555 543 595 illa
562 567 649 594 non
670 554 801 594 virilis
822 553 1003 607 ejulatio,

447 621 598 660 Preces
618 626 659 659 et
679 632 877 658 aversum
898 618 954 658 ad
974 618 1138 668 Jovem‚

390 686 536 726 Ionius
557 684 642 724 udo
662 697 763 724 cum
783 684 1026 736 remugiens
1046 683 1167 722 sinus

446 751 556 791 Noto
576 750 767 790 carinam
787 749 968 801 ruperit!
1470 741 1528 783 20
1601 741 1606 745 ⁴

341 805 344 809 ’
391 816 549 868 Opima
569 815 723 867 quodsi
743 814 900 867 praeda
919 826 1051 853 curvo
1070 813 1207 852 littore

447 881 643 921 Porrecta
664 893 830 933 mergos
845 879 1019 933 juveris,

390 945 666 986 Libidinosus
687 945 976 985 immolabitur
994 956 1120 996 caper

446 1011 506 1051 Et
524 1024 639 1064 agna
659 1011 1020 1064 Tempestatibus⁸

780 1197 937 1204 ——-

685 1336 925 1377 GARMEN
961 1335 1038 1375 XI.

616 1458 698 1484 AD
749 1456 1104 1484 PETTIUM.

301 1554 417 1605 Petti‚
439 1553 545 1594 nihil
568 1567 647 1605 me,
670 1554 781 1593 sieut
801 1559 939 1604 antea,
955 1555 1081 1607 juvat

354 1620 542 1660 Scribere
563 1619 806 1671 versiculos,
829 1631 970 1659 amore
991 1629 1242 1671 percussum
1262 1617 1395 1669 gravi,

299 1685 463 1735 Amore,
486 1685 560 1736 qui
581 1698 649 1724 me
670 1691 834 1736 praeter
852 1697 1001 1723 omnes
1021 1683 1181 1735 expetit

358 1749 558 1789 Mollibus
579 1749 623 1788 in
643 1749 784 1800 pueris
805 1754 882 1787 aut
902 1749 946 1787 in
968 1747 1121 1800 puellis
1142 1759 1272 1786 urere.

300 1814 382 1853 Hie
403 1814 548 1853 tertius
570 1813 815 1863 December,
837 1826 893 1852 ex
914 1826 1000 1865 quo
1021 1812 1163 1852 destiti
1509 1809 1537 1851 ὅ

356 1878 532 1918 Inachia
552 1878 700 1929 furere,
723 1878 842 1918 silvis
863 1878 1068 1918 honorem
1090 1877 1262 1917 decutit.

301 1942 398 1982 Heu
419 1956 485 1982 me
503 1944 510 1982 !
543 1956 615 1996 per
636 1943 956 1984 Urbem—nam
977 1942 1107 1996 pudet
1127 1942 1235 1982 tanti
1255 1941 1418 1982 mali—-

357 2009 524 2048 Fabula
544 2015 708 2061 quanta
728 2009 791 2050 fui
810 2010 818 2050 !
880 2009 1190 2050 Conviviorum
1208 2013 1251 2047 et
1269 2006 1465 2060 poenitet,

301 2072 351 2112 In
371 2081 467 2124 quis
489 2081 706 2114 amantem
726 2074 908 2125 languor
927 2081 968 2114 et
988 2073 1205 2113 silentium

361 2137 518 2189 Arguit‚
541 2145 582 2178 et
602 2139 730 2179 latere
750 2139 907 2192 petitus
927 2138 1013 2178 imo
1034 2138 1217 2190 spiritus.
1484 2133 1539 2176 10

301 2200 514 2241 Contrane
540 2202 707 2243 lucrum
727 2203 788 2244 nil
809 2203 948 2244 valere
969 2202 1206 2243 candidum

357 2266 562 2320 Pauperis
583 2269 835 2321 ingenium?
866 2268 1071 2321 querebar
1090 2266 1317 2320 applorans
1336 2263 1425 2316 tibi,

320 2360 359 2407 ’0.
376 2387 407 2408 x.
427 2377 478 2413 19,
490 2377 543 2408 20.
567 2379 638 2409 sinu
655 2377 771 2410 Notus.
859 2379 912 2410 22.
937 2377 1094 2419 Projecta,
1109 2378 1149 2409 ae
1165 2378 1270 2419 00nj.‚·
1288 2375 1415 2415 juverit„

259 2427 296 2462 ὓ.
311 2430 355 2462 xi.
371 2430 403 2462 2.
425 2430 614 2470 perculsum.
703 2433 734 2464 8.
757 2438 792 2463 ut
807 2434 959 2471 poenitet.
1048 2432 1080 2464 9.
1103 2437 1268 2463 amantem
1282 2434 1316 2461 et
1329 2428 1463 2468 langue

743 2486 792 2517 11.
817 2491 997 2524 contraque.
