<?xml version="1.0" encoding="UTF-8"?>
<!DOCTYPE html PUBLIC "-//W3C//DTD XHTML 1.0 Transitional//EN"
    "http://www.w3.org/TR/xhtml1/DTD/xhtml1-transitional.dtd">
<html xmlns="http://www.w3.org/1999/xhtml" xml:lang="en" lang="en">
 <head>
  <title>
</title>
<meta http-equiv="Content-Type" content="text/html;charset=utf-8" />
  <meta name='ocr-system' content='tesseract 3.04.00' />
  <meta name='ocr-capabilities' content='ocr_page ocr_carea ocr_par ocr_line ocrx_word'/>
</head>
<body>
  <div class='ocr_page' id='page_1' title='image "./workswithenglis00horauoft_0217.png"; bbox 0 0 1612 2716; ppageno 0'>
   <div class='ocr_carea' id='block_1_1' title="bbox 547 166 1435 218">
    <p class='ocr_par' dir='ltr' id='par_1_1' title="bbox 547 166 1435 218">
     <span class='ocr_line' id='line_1_1' title="bbox 547 166 1435 218; baseline 0 -2"><span class='ocrx_word' id='word_1_1' title='bbox 547 181 761 216; x_wconf 72' lang='lat' dir='ltr'>mr.</span> <span class='ocrx_word' id='word_1_2' title='bbox 822 180 947 215; x_wconf 63' lang='lat' dir='ltr'>en.</span> <span class='ocrx_word' id='word_1_3' title='bbox 1337 166 1435 218; x_wconf 73' lang='lat'>1¹1⁸</span> 
     </span>
    </p>
   </div>
   <div class='ocr_carea' id='block_1_2' title="bbox 130 284 1440 1122">
    <p class='ocr_par' dir='ltr' id='par_1_2' title="bbox 130 284 1435 471">
     <span class='ocr_line' id='line_1_2' title="bbox 143 284 1220 341; baseline -0.004 -12"><span class='ocrx_word' id='word_1_4' title='bbox 143 286 205 329; x_wconf 76' lang='lat' dir='ltr'>Se</span> <span class='ocrx_word' id='word_1_5' title='bbox 219 285 376 341; x_wconf 70' lang='lat' dir='ltr'>pubet,</span> <span class='ocrx_word' id='word_1_6' title='bbox 395 297 448 327; x_wconf 77' lang='lat' dir='ltr'>ae</span> <span class='ocrx_word' id='word_1_7' title='bbox 465 285 608 339; x_wconf 85' lang='lat' dir='ltr'>potius</span> <span class='ocrx_word' id='word_1_8' title='bbox 626 284 775 327; x_wconf 81' lang='lat' dir='ltr'>laudet</span> <span class='ocrx_word' id='word_1_9' title='bbox 791 284 963 326; x_wconf 78' lang='lat' dir='ltr'>diversa</span> <span class='ocrx_word' id='word_1_10' title='bbox 980 289 1220 338; x_wconf 80' lang='lat' dir='ltr'>sequentes,</span> 
     </span>
     <span class='ocr_line' id='line_1_3' title="bbox 130 349 1435 405; baseline -0.002 -13"><span class='ocrx_word' id='word_1_11' title='bbox 130 351 361 404; x_wconf 68' lang='lat' dir='ltr'>Quodque</span> <span class='ocrx_word' id='word_1_12' title='bbox 380 351 524 392; x_wconf 81' lang='lat' dir='ltr'>aliena</span> <span class='ocrx_word' id='word_1_13' title='bbox 540 351 707 405; x_wconf 77' lang='lat' dir='ltr'>capella</span> <span class='ocrx_word' id='word_1_14' title='bbox 725 357 844 404; x_wconf 80' lang='lat' dir='ltr'><strong>gerat</strong></span> <span class='ocrx_word' id='word_1_15' title='bbox 861 349 1089 391; x_wconf 73' lang='lat' dir='ltr'>distentius</span> <span class='ocrx_word' id='word_1_16' title='bbox 1108 350 1224 402; x_wconf 85' lang='lat' dir='ltr'>uber,</span> <span class='ocrx_word' id='word_1_17' title='bbox 1351 349 1435 391; x_wconf 88' lang='lat'>110</span> 
     </span>
     <span class='ocr_line' id='line_1_4' title="bbox 143 416 1087 471; baseline -0.002 -13"><span class='ocrx_word' id='word_1_18' title='bbox 143 417 372 468; x_wconf 79' lang='lat' dir='ltr'>Tabeseat,</span> <span class='ocrx_word' id='word_1_19' title='bbox 394 429 534 470; x_wconf 86' lang='lat' dir='ltr'>neque</span> <span class='ocrx_word' id='word_1_20' title='bbox 554 429 600 457; x_wconf 84' lang='lat' dir='ltr'>se</span> <span class='ocrx_word' id='word_1_21' title='bbox 618 417 767 471; x_wconf 88' lang='lat' dir='ltr'>majori</span> <span class='ocrx_word' id='word_1_22' title='bbox 787 416 1087 470; x_wconf 81' lang='lat' dir='ltr'><strong>pauperiorum</strong></span> 
     </span>
    </p>

    <p class='ocr_par' dir='ltr' id='par_1_3' title="bbox 142 480 1395 600">
     <span class='ocr_line' id='line_1_5' title="bbox 143 480 1395 535; baseline -0.002 -12"><span class='ocrx_word' id='word_1_23' title='bbox 143 482 319 523; x_wconf 85' lang='lat' dir='ltr'>Turbae</span> <span class='ocrx_word' id='word_1_24' title='bbox 338 488 564 535; x_wconf 78' lang='lat' dir='ltr'>comparet,</span> <span class='ocrx_word' id='word_1_25' title='bbox 581 482 699 522; x_wconf 90' lang='lat' dir='ltr'>hunc</span> <span class='ocrx_word' id='word_1_26' title='bbox 718 488 848 534; x_wconf 85' lang='lat' dir='ltr'>atque</span> <span class='ocrx_word' id='word_1_27' title='bbox 866 481 985 522; x_wconf 92' lang='lat' dir='ltr'>hunc</span> <span class='ocrx_word' id='word_1_28' title='bbox 1005 493 1204 534; x_wconf 85' lang='lat' dir='ltr'>superare</span> <span class='ocrx_word' id='word_1_29' title='bbox 1223 480 1395 521; x_wconf 83' lang='lat' dir='ltr'>laboret.</span> 
     </span>
     <span class='ocr_line' id='line_1_6' title="bbox 142 546 1088 600; baseline -0.002 -12"><span class='ocrx_word' id='word_1_30' title='bbox 142 548 216 589; x_wconf 88' lang='lat' dir='ltr'>Sic</span> <span class='ocrx_word' id='word_1_31' title='bbox 238 547 454 588; x_wconf 70' lang='lat' dir='ltr'><strong>festinanti</strong></span> <span class='ocrx_word' id='word_1_32' title='bbox 473 560 639 600; x_wconf 82' lang='lat' dir='ltr'>semper</span> <span class='ocrx_word' id='word_1_33' title='bbox 657 547 904 600; x_wconf 83' lang='lat' dir='ltr'><strong>locupletior</strong></span> <span class='ocrx_word' id='word_1_34' title='bbox 922 546 1088 586; x_wconf 80' lang='lat' dir='ltr'><strong>obstat:</strong></span> 
     </span>
    </p>

    <p class='ocr_par' dir='ltr' id='par_1_4' title="bbox 142 611 1267 664">
     <span class='ocr_line' id='line_1_7' title="bbox 142 611 1267 664; baseline -0.002 -11"><span class='ocrx_word' id='word_1_35' title='bbox 142 613 213 663; x_wconf 90' lang='lat' dir='ltr'>Ut,</span> <span class='ocrx_word' id='word_1_36' title='bbox 233 625 337 653; x_wconf 88' lang='lat' dir='ltr'>cum</span> <span class='ocrx_word' id='word_1_37' title='bbox 354 613 596 653; x_wconf 80' lang='lat' dir='ltr'>carceribus</span> <span class='ocrx_word' id='word_1_38' title='bbox 615 612 768 652; x_wconf 88' lang='lat' dir='ltr'>missos</span> <span class='ocrx_word' id='word_1_39' title='bbox 788 611 898 664; x_wconf 84' lang='lat' dir='ltr'>rapit</span> <span class='ocrx_word' id='word_1_40' title='bbox 916 611 1085 664; x_wconf 88' lang='lat' dir='ltr'>ungula</span> <span class='ocrx_word' id='word_1_41' title='bbox 1103 622 1267 662; x_wconf 88' lang='lat' dir='ltr'>currus,</span> 
     </span>
    </p>

    <p class='ocr_par' dir='ltr' id='par_1_5' title="bbox 142 674 1436 784">
     <span class='ocr_line' id='line_1_8' title="bbox 142 674 1436 731; baseline -0.003 -12"><span class='ocrx_word' id='word_1_42' title='bbox 142 679 281 719; x_wconf 83' lang='lat' dir='ltr'>Instat</span> <span class='ocrx_word' id='word_1_43' title='bbox 297 678 421 730; x_wconf 88' lang='lat' dir='ltr'>equis</span> <span class='ocrx_word' id='word_1_44' title='bbox 440 678 591 731; x_wconf 82' lang='lat' dir='ltr'>auriga</span> <span class='ocrx_word' id='word_1_45' title='bbox 610 690 712 718; x_wconf 87' lang='lat' dir='ltr'>suos</span> <span class='ocrx_word' id='word_1_46' title='bbox 731 677 1015 728; x_wconf 82' lang='lat' dir='ltr'>vincentibus,</span> <span class='ocrx_word' id='word_1_47' title='bbox 1031 676 1157 717; x_wconf 89' lang='lat' dir='ltr'>illum</span> <span class='ocrx_word' id='word_1_48' title='bbox 1354 674 1436 715; x_wconf 80' lang='lat'>115</span> 
     </span>
     <span class='ocr_line' id='line_1_9' title="bbox 142 743 1206 784; baseline -0.002 0"><span class='ocrx_word' id='word_1_49' title='bbox 142 743 423 784; x_wconf 80' lang='lat' dir='ltr'>Praeteritum</span> <span class='ocrx_word' id='word_1_50' title='bbox 442 751 639 784; x_wconf 81' lang='lat' dir='ltr'><strong>temnens</strong></span> <span class='ocrx_word' id='word_1_51' title='bbox 658 750 870 783; x_wconf 87' lang='lat' dir='ltr'>extremos</span> <span class='ocrx_word' id='word_1_52' title='bbox 889 743 999 783; x_wconf 83' lang='lat' dir='ltr'>inter</span> <span class='ocrx_word' id='word_1_53' title='bbox 1016 748 1206 782; x_wconf 84' lang='lat' dir='ltr'>euntem.</span> 
     </span>
    </p>

    <p class='ocr_par' dir='ltr' id='par_1_6' title="bbox 142 808 1061 862">
     <span class='ocr_line' id='line_1_10' title="bbox 142 808 1061 862; baseline -0.002 -13"><span class='ocrx_word' id='word_1_54' title='bbox 142 809 249 850; x_wconf 91' lang='lat' dir='ltr'>Inde</span> <span class='ocrx_word' id='word_1_55' title='bbox 270 808 1061 862; x_wconf 55' lang='lat' dir='ltr'>figutmquisevixissebeatum</span> 
     </span>
    </p>

    <p class='ocr_par' dir='ltr' id='par_1_7' title="bbox 144 872 1095 926">
     <span class='ocr_line' id='line_1_11' title="bbox 144 872 1095 926; baseline -0.002 -12"><span class='ocrx_word' id='word_1_56' title='bbox 144 873 284 924; x_wconf 82' lang='lat' dir='ltr'>Dicat,</span> <span class='ocrx_word' id='word_1_57' title='bbox 304 881 347 914; x_wconf 88' lang='lat' dir='ltr'>et</span> <span class='ocrx_word' id='word_1_58' title='bbox 365 881 518 914; x_wconf 82' lang='lat' dir='ltr'>exacto</span> <span class='ocrx_word' id='word_1_59' title='bbox 536 881 764 915; x_wconf 87' lang='lat' dir='ltr'>contentus</span> <span class='ocrx_word' id='word_1_60' title='bbox 784 880 983 926; x_wconf 83' lang='lat' dir='ltr'>tempore,</span> <span class='ocrx_word' id='word_1_61' title='bbox 1003 872 1095 912; x_wconf 82' lang='lat' dir='ltr'>vita</span> 
     </span>
    </p>

    <p class='ocr_par' dir='ltr' id='par_1_8' title="bbox 144 938 1230 992">
     <span class='ocr_line' id='line_1_12' title="bbox 144 938 1230 992; baseline -0.002 -14"><span class='ocrx_word' id='word_1_62' title='bbox 144 938 292 989; x_wconf 80' lang='lat' dir='ltr'><strong>Cedat,</strong></span> <span class='ocrx_word' id='word_1_63' title='bbox 313 939 376 980; x_wconf 88' lang='lat' dir='ltr'>uti</span> <span class='ocrx_word' id='word_1_64' title='bbox 394 939 580 980; x_wconf 79' lang='lat' dir='ltr'>conviva</span> <span class='ocrx_word' id='word_1_65' title='bbox 598 947 727 990; x_wconf 86' lang='lat' dir='ltr'>satur,</span> <span class='ocrx_word' id='word_1_66' title='bbox 748 939 926 992; x_wconf 86' lang='lat' dir='ltr'>reperire</span> <span class='ocrx_word' id='word_1_67' title='bbox 945 949 1230 991; x_wconf 80' lang='lat' dir='ltr'>queamus,—</span> 
     </span>
    </p>

    <p class='ocr_par' dir='ltr' id='par_1_9' title="bbox 144 1000 1440 1122">
     <span class='ocr_line' id='line_1_13' title="bbox 144 1000 1440 1057; baseline -0.002 -13"><span class='ocrx_word' id='word_1_68' title='bbox 144 1003 244 1044; x_wconf 85' lang='lat' dir='ltr'>Jam</span> <span class='ocrx_word' id='word_1_69' title='bbox 264 1005 368 1044; x_wconf 88' lang='lat' dir='ltr'>satis</span> <span class='ocrx_word' id='word_1_70' title='bbox 386 1012 461 1046; x_wconf 68' lang='lat' dir='ltr'>oet.</span> <span class='ocrx_word' id='word_1_71' title='bbox 522 1004 590 1045; x_wconf 90' lang='lat' dir='ltr'>Ne</span> <span class='ocrx_word' id='word_1_72' title='bbox 609 1018 678 1046; x_wconf 91' lang='lat' dir='ltr'>me</span> <span class='ocrx_word' id='word_1_73' title='bbox 698 1004 884 1057; x_wconf 87' lang='lat' dir='ltr'>Crispini</span> <span class='ocrx_word' id='word_1_74' title='bbox 904 1003 1061 1044; x_wconf 83' lang='lat' dir='ltr'>scrinia</span> <span class='ocrx_word' id='word_1_75' title='bbox 1081 1002 1185 1055; x_wconf 89' lang='lat' dir='ltr'>lippi</span> <span class='ocrx_word' id='word_1_76' title='bbox 1356 1000 1440 1041; x_wconf 78' lang='lat'>120</span> 
     </span>
     <span class='ocr_line' id='line_1_14' title="bbox 146 1066 1271 1122; baseline -0.002 -13"><span class='ocrx_word' id='word_1_77' title='bbox 146 1068 411 1122; x_wconf 77' lang='lat' dir='ltr'>compilasse</span> <span class='ocrx_word' id='word_1_78' title='bbox 430 1076 566 1122; x_wconf 88' lang='lat' dir='ltr'>putes,</span> <span class='ocrx_word' id='word_1_79' title='bbox 585 1071 767 1110; x_wconf 84' lang='lat' dir='ltr'>verbum</span> <span class='ocrx_word' id='word_1_80' title='bbox 784 1082 872 1110; x_wconf 93' lang='lat' dir='ltr'>non</span> <span class='ocrx_word' id='word_1_81' title='bbox 891 1068 1079 1122; x_wconf 84' lang='lat' dir='ltr'>amplius</span> <span class='ocrx_word' id='word_1_82' title='bbox 1098 1066 1271 1108; x_wconf 82' lang='lat' dir='ltr'>addam.</span> 
     </span>
    </p>
   </div>
   <div class='ocr_carea' id='block_1_3' title="bbox 684 1284 846 1294">
    <p class='ocr_par' dir='ltr' id='par_1_10' title="bbox 684 1284 846 1294">
     <span class='ocr_line' id='line_1_15' title="bbox 684 1284 846 1294; baseline 0.006 -1"><span class='ocrx_word' id='word_1_83' title='bbox 684 1284 846 1294; x_wconf 87' lang='lat'>———</span> 
     </span>
    </p>
   </div>
   <div class='ocr_carea' id='block_1_4' title="bbox 608 1462 925 1503">
    <p class='ocr_par' dir='ltr' id='par_1_11' title="bbox 608 1462 925 1503">
     <span class='ocr_line' id='line_1_16' title="bbox 608 1462 925 1503; baseline 0 0"><span class='ocrx_word' id='word_1_84' title='bbox 608 1462 823 1503; x_wconf 77' lang='lat' dir='ltr'>SA&#39;HBA</span> <span class='ocrx_word' id='word_1_85' title='bbox 866 1462 925 1503; x_wconf 87' lang='lat' dir='ltr'>II.</span> 
     </span>
    </p>
   </div>
   <div class='ocr_carea' id='block_1_5' title="bbox 148 1619 1445 2388">
    <p class='ocr_par' dir='ltr' id='par_1_12' title="bbox 148 1619 1445 2388">
     <span class='ocr_line' id='line_1_17' title="bbox 202 1619 1143 1673; baseline -0.001 -12"><span class='ocrx_word' id='word_1_86' title='bbox 202 1620 545 1661; x_wconf 85' lang='lat' dir='ltr'>Ambubaiarum</span> <span class='ocrx_word' id='word_1_87' title='bbox 563 1619 754 1673; x_wconf 86' lang='lat' dir='ltr'>collegia,</span> <span class='ocrx_word' id='word_1_88' title='bbox 774 1619 1143 1673; x_wconf 84' lang='lat' dir='ltr'>pharmacopolae,</span> 
     </span>
     <span class='ocr_line' id='line_1_18' title="bbox 148 1685 1218 1739; baseline -0.001 -12"><span class='ocrx_word' id='word_1_89' title='bbox 148 1685 347 1737; x_wconf 79' lang='lat' dir='ltr'>Mendici,</span> <span class='ocrx_word' id='word_1_90' title='bbox 368 1686 537 1737; x_wconf 89' lang='lat' dir='ltr'>mimae,</span> <span class='ocrx_word' id='word_1_91' title='bbox 558 1685 810 1737; x_wconf 82' lang='lat' dir='ltr'>balatrones,</span> <span class='ocrx_word' id='word_1_92' title='bbox 832 1686 913 1726; x_wconf 90' lang='lat' dir='ltr'>boc</span> <span class='ocrx_word' id='word_1_93' title='bbox 932 1698 1071 1739; x_wconf 90' lang='lat' dir='ltr'>genus</span> <span class='ocrx_word' id='word_1_94' title='bbox 1090 1698 1218 1726; x_wconf 90' lang='lat' dir='ltr'>omne</span> 
     </span>
     <span class='ocr_line' id='line_1_19' title="bbox 149 1750 1328 1804; baseline -0.002 -12"><span class='ocrx_word' id='word_1_95' title='bbox 149 1750 363 1792; x_wconf 79' lang='lat' dir='ltr'>Moestum</span> <span class='ocrx_word' id='word_1_96' title='bbox 382 1764 434 1792; x_wconf 85' lang='lat' dir='ltr'>ac</span> <span class='ocrx_word' id='word_1_97' title='bbox 453 1751 683 1792; x_wconf 88' lang='lat' dir='ltr'>sollicitum</span> <span class='ocrx_word' id='word_1_98' title='bbox 702 1758 768 1791; x_wconf 59' lang='lat' dir='ltr'>eet</span> <span class='ocrx_word' id='word_1_99' title='bbox 785 1751 970 1791; x_wconf 86' lang='lat' dir='ltr'>cantoris</span> <span class='ocrx_word' id='word_1_100' title='bbox 988 1757 1121 1791; x_wconf 90' lang='lat' dir='ltr'>morte</span> <span class='ocrx_word' id='word_1_101' title='bbox 1141 1750 1328 1804; x_wconf 68' lang='lat' dir='ltr'>Tigell23</span> 
     </span>
     <span class='ocr_line' id='line_1_20' title="bbox 150 1816 1403 1870; baseline -0.004 -9"><span class='ocrx_word' id='word_1_102' title='bbox 150 1817 324 1870; x_wconf 78' lang='lat' dir='ltr'>Quippe</span> <span class='ocrx_word' id='word_1_103' title='bbox 342 1817 557 1870; x_wconf 90' lang='lat' dir='ltr'>benignus</span> <span class='ocrx_word' id='word_1_104' title='bbox 575 1823 677 1857; x_wconf 85' lang='lat' dir='ltr'>erat.</span> <span class='ocrx_word' id='word_1_105' title='bbox 735 1817 895 1858; x_wconf 87' lang='lat' dir='ltr'><strong>Contra</strong></span> <span class='ocrx_word' id='word_1_106' title='bbox 914 1816 997 1868; x_wconf 89' lang='lat' dir='ltr'>hic,</span> <span class='ocrx_word' id='word_1_107' title='bbox 1012 1828 1068 1857; x_wconf 90' lang='lat' dir='ltr'>ne</span> <span class='ocrx_word' id='word_1_108' title='bbox 1087 1816 1291 1870; x_wconf 89' lang='lat' dir='ltr'>prodigus</span> <span class='ocrx_word' id='word_1_109' title='bbox 1310 1827 1403 1856; x_wconf 56' lang='lat' dir='ltr'>esse</span> 
     </span>
     <span class='ocr_line' id='line_1_21' title="bbox 149 1880 1441 1936; baseline -0.001 -14"><span class='ocrx_word' id='word_1_110' title='bbox 149 1882 328 1922; x_wconf 84' lang='lat' dir='ltr'>Dicatur</span> <span class='ocrx_word' id='word_1_111' title='bbox 347 1890 554 1935; x_wconf 85' lang='lat' dir='ltr'>metuens,</span> <span class='ocrx_word' id='word_1_112' title='bbox 575 1883 691 1936; x_wconf 89' lang='lat' dir='ltr'>inopi</span> <span class='ocrx_word' id='word_1_113' title='bbox 709 1881 811 1923; x_wconf 90' lang='lat' dir='ltr'>dare</span> <span class='ocrx_word' id='word_1_114' title='bbox 830 1882 936 1923; x_wconf 93' lang='lat' dir='ltr'>nolit</span> <span class='ocrx_word' id='word_1_115' title='bbox 954 1882 1105 1933; x_wconf 87' lang='lat' dir='ltr'>amico,</span> <span class='ocrx_word' id='word_1_116' title='bbox 1413 1880 1441 1921; x_wconf 82' lang='lat'><strong>5</strong></span> 
     </span>
     <span class='ocr_line' id='line_1_22' title="bbox 153 1947 1262 2002; baseline 0 -15"><span class='ocrx_word' id='word_1_117' title='bbox 153 1947 308 2000; x_wconf 83' lang='lat' dir='ltr'>Frigus</span> <span class='ocrx_word' id='word_1_118' title='bbox 327 1961 413 2001; x_wconf 91' lang='lat' dir='ltr'>quo</span> <span class='ocrx_word' id='word_1_119' title='bbox 432 1948 671 2002; x_wconf 88' lang='lat' dir='ltr'>duramque</span> <span class='ocrx_word' id='word_1_120' title='bbox 691 1947 852 1988; x_wconf 86' lang='lat' dir='ltr'>famem</span> <span class='ocrx_word' id='word_1_121' title='bbox 870 1947 1099 2000; x_wconf 87' lang='lat' dir='ltr'>propellere</span> <span class='ocrx_word' id='word_1_122' title='bbox 1118 1947 1262 2000; x_wconf 87' lang='lat' dir='ltr'>possit.</span> 
     </span>
     <span class='ocr_line' id='line_1_23' title="bbox 152 2010 1164 2068; baseline 0.002 -18"><span class='ocrx_word' id='word_1_123' title='bbox 152 2010 282 2068; x_wconf 84' lang='lat' dir='ltr'>Hunc</span> <span class='ocrx_word' id='word_1_124' title='bbox 300 2013 337 2053; x_wconf 93' lang='lat' dir='ltr'>si</span> <span class='ocrx_word' id='word_1_125' title='bbox 354 2014 620 2066; x_wconf 86' lang='lat' dir='ltr'>perconteris,</span> <span class='ocrx_word' id='word_1_126' title='bbox 641 2014 714 2053; x_wconf 84' lang='lat' dir='ltr'>avi</span> <span class='ocrx_word' id='word_1_127' title='bbox 732 2026 809 2053; x_wconf 91' lang='lat' dir='ltr'>cur</span> <span class='ocrx_word' id='word_1_128' title='bbox 827 2019 958 2065; x_wconf 86' lang='lat' dir='ltr'>atque</span> <span class='ocrx_word' id='word_1_129' title='bbox 977 2012 1164 2065; x_wconf 88' lang='lat' dir='ltr'>parentis</span> 
     </span>
     <span class='ocr_line' id='line_1_24' title="bbox 152 2075 1299 2132; baseline 0.002 -17"><span class='ocrx_word' id='word_1_130' title='bbox 152 2075 419 2117; x_wconf 85' lang='lat' dir='ltr'>Praeclaram</span> <span class='ocrx_word' id='word_1_131' title='bbox 438 2078 606 2132; x_wconf 85' lang='lat' dir='ltr'>ingrata</span> <span class='ocrx_word' id='word_1_132' title='bbox 625 2079 805 2131; x_wconf 88' lang='lat' dir='ltr'>stringat</span> <span class='ocrx_word' id='word_1_133' title='bbox 824 2078 967 2118; x_wconf 89' lang='lat' dir='ltr'>malus</span> <span class='ocrx_word' id='word_1_134' title='bbox 987 2077 1179 2131; x_wconf 82' lang='lat' dir='ltr'>ingluvie</span> <span class='ocrx_word' id='word_1_135' title='bbox 1197 2089 1299 2128; x_wconf 87' lang='lat' dir='ltr'>rem,</span> 
     </span>
     <span class='ocr_line' id='line_1_25' title="bbox 154 2140 1201 2185; baseline 0.004 -6"><span class='ocrx_word' id='word_1_136' title='bbox 154 2140 313 2180; x_wconf 89' lang='lat' dir='ltr'>Omnia</span> <span class='ocrx_word' id='word_1_137' title='bbox 330 2141 551 2184; x_wconf 82' lang='lat' dir='ltr'>conductis</span> <span class='ocrx_word' id='word_1_138' title='bbox 563 2147 766 2185; x_wconf 76' lang='lat' dir='ltr'>coemens</span> <span class='ocrx_word' id='word_1_139' title='bbox 785 2143 963 2184; x_wconf 88' lang='lat' dir='ltr'>obsonia</span> <span class='ocrx_word' id='word_1_140' title='bbox 982 2143 1201 2183; x_wconf 84' lang='lat' dir='ltr'>nummis:</span> 
     </span>
     <span class='ocr_line' id='line_1_26' title="bbox 155 2204 1445 2262; baseline 0 -17"><span class='ocrx_word' id='word_1_141' title='bbox 155 2204 360 2245; x_wconf 87' lang='lat' dir='ltr'>Sordidus</span> <span class='ocrx_word' id='word_1_142' title='bbox 378 2213 506 2258; x_wconf 85' lang='lat' dir='ltr'>atque</span> <span class='ocrx_word' id='word_1_143' title='bbox 525 2209 659 2249; x_wconf 86' lang='lat' dir='ltr'>animi</span> <span class='ocrx_word' id='word_1_144' title='bbox 676 2209 791 2262; x_wconf 91' lang='lat' dir='ltr'>quod</span> <span class='ocrx_word' id='word_1_145' title='bbox 812 2209 933 2262; x_wconf 88' lang='lat' dir='ltr'>parvi</span> <span class='ocrx_word' id='word_1_146' title='bbox 952 2208 1058 2248; x_wconf 93' lang='lat' dir='ltr'>nolit</span> <span class='ocrx_word' id='word_1_147' title='bbox 1076 2207 1235 2258; x_wconf 89' lang='lat' dir='ltr'>haberi,</span> <span class='ocrx_word' id='word_1_148' title='bbox 1390 2205 1445 2245; x_wconf 86' lang='lat'>10</span> 
     </span>
     <span class='ocr_line' id='line_1_27' title="bbox 155 2269 1237 2327; baseline 0.004 -19"><span class='ocrx_word' id='word_1_149' title='bbox 155 2269 423 2321; x_wconf 88' lang='lat' dir='ltr'>Respondet:</span> <span class='ocrx_word' id='word_1_150' title='bbox 452 2270 656 2312; x_wconf 85' lang='lat' dir='ltr'>laudatur</span> <span class='ocrx_word' id='word_1_151' title='bbox 674 2274 730 2314; x_wconf 86' lang='lat' dir='ltr'>ab</span> <span class='ocrx_word' id='word_1_152' title='bbox 747 2274 829 2325; x_wconf 87' lang='lat' dir='ltr'>his,</span> <span class='ocrx_word' id='word_1_153' title='bbox 849 2274 1048 2327; x_wconf 81' lang='lat' dir='ltr'>culpatur</span> <span class='ocrx_word' id='word_1_154' title='bbox 1066 2274 1123 2313; x_wconf 88' lang='lat' dir='ltr'>ab</span> <span class='ocrx_word' id='word_1_155' title='bbox 1142 2273 1237 2312; x_wconf 89' lang='lat' dir='ltr'>illis.</span> 
     </span>
     <span class='ocr_line' id='line_1_28' title="bbox 156 2333 1187 2388; baseline 0.006 -14"><span class='ocrx_word' id='word_1_156' title='bbox 156 2333 357 2375; x_wconf 84' lang='lat' dir='ltr'>Fufidius</span> <span class='ocrx_word' id='word_1_157' title='bbox 375 2347 541 2388; x_wconf 81' lang='lat' dir='ltr'>vappae</span> <span class='ocrx_word' id='word_1_158' title='bbox 560 2335 723 2378; x_wconf 79' lang='lat' dir='ltr'>famam</span> <span class='ocrx_word' id='word_1_159' title='bbox 741 2338 862 2379; x_wconf 84' lang='lat' dir='ltr'>timet</span> <span class='ocrx_word' id='word_1_160' title='bbox 879 2352 931 2379; x_wconf 81' lang='lat' dir='ltr'>ac</span> <span class='ocrx_word' id='word_1_161' title='bbox 950 2338 1187 2388; x_wconf 83' lang='lat' dir='ltr'>nebulonis,</span> 
     </span>
    </p>
   </div>
   <div class='ocr_carea' id='block_1_6' title="bbox 320 2464 1222 2506">
    <p class='ocr_par' dir='ltr' id='par_1_13' title="bbox 320 2464 1222 2506">
     <span class='ocr_line' id='line_1_29' title="bbox 320 2464 1222 2506; baseline 0.001 -10"><span class='ocrx_word' id='word_1_162' title='bbox 320 2464 392 2496; x_wconf 74' lang='lat'>113.</span> <span class='ocrx_word' id='word_1_163' title='bbox 414 2465 530 2497; x_wconf 74' lang='lat' dir='ltr'>obstet.</span> <span class='ocrx_word' id='word_1_164' title='bbox 618 2467 689 2499; x_wconf 88' lang='grc'><strong>118.</strong></span> <span class='ocrx_word' id='word_1_165' title='bbox 711 2467 810 2499; x_wconf 71' lang='lat' dir='ltr'>vitae.</span> <span class='ocrx_word' id='word_1_166' title='bbox 895 2467 931 2500; x_wconf 81' lang='lat' dir='ltr'>S.</span> <span class='ocrx_word' id='word_1_167' title='bbox 946 2468 983 2499; x_wconf 77' lang='lat' dir='ltr'>ii.</span> <span class='ocrx_word' id='word_1_168' title='bbox 999 2466 1030 2497; x_wconf 81' lang='lat'>6.</span> <span class='ocrx_word' id='word_1_169' title='bbox 1054 2465 1222 2506; x_wconf 73' lang='lat' dir='ltr'>depellere.</span> 
     </span>
    </p>
   </div>
  </div>
 </body>
</html>
