1650 2730
168 155 230 202 18

704 164 969 199 CARMINUM

332 271 474 312 Jactes
495 276 537 310 et
557 282 694 323 genus
714 276 756 309 et
774 281 932 309 nomen
952 268 1129 309 inutile:

332 335 405 377 Nil
425 336 547 389 pictis
568 334 744 375 timidus
764 334 912 374 navita
931 334 1147 387 puppibus

388 401 529 442 Fidit:
561 401 647 451 Tu,
669 401 751 439 nisi
772 400 910 439 ventis
1460 399 1514 442 15

445 466 586 506 Debes
608 465 851 516 ludibrium,
873 477 991 504 eave.
1479 473 1484 478 ·

333 597 479 649 Nuper
499 596 729 636 sollicitum
749 608 860 647 quae
881 595 988 635 mihi
1009 594 1211 646 taedium,

334 663 462 703 Nune
484 662 754 713 desiderium,
776 674 963 714 curaque
985 674 1073 703 non
1095 661 1216 713 levis,

388 726 601 781 Interfusa
621 728 804 767 nitentes

444 793 562 834 Vites
583 806 770 846 aequora
790 791 1018 844 Cycladas.
1400 841 1408 850 ·
1461 788 1518 829 20

663 1200 900 1240 GARMEN
929 1200 1021 1239 XV.

330 1343 482 1370 NEREI
517 1342 813 1369 VATICINIUM
845 1342 906 1368 DE
939 1340 1142 1368 EXCIDIO
1171 1338 1364 1366 'rao-LAE-

279 1469 428 1509 Pastor
447 1481 549 1508 cum
570 1468 750 1507 traheret
770 1480 842 1519 per
861 1465 967 1505 freta
987 1465 1172 1504 navibus

279 1534 420 1574 Idaeis
441 1533 634 1573 Helenen
655 1531 842 1584 perfidus
869 1530 1092 1582 hospitam,

279 1600 450 1652 Ingrato
471 1598 626 1638 celeres
646 1597 785 1637 obruit
805 1596 889 1635 otio

338 1664 506 1714 Ventos,
528 1669 576 1702 ut
595 1668 764 1702 caneret
783 1660 871 1700 fera

281 1794 446 1835 Nereus
466 1792 578 1832 fata:
610 1791 729 1831 Mala
749 1790 871 1830 ducis
892 1788 963 1829 avi
983 1787 1171 1839 domum,
1486 1788 1517 1831 5

282 1860 433 1904 Quam
453 1857 588 1898 multo
609 1857 764 1909 repetet
784 1852 962 1895 Graecia
980 1853 1126 1904 milite,

283 1925 515 1978 Conjurata
536 1930 632 1962 tuas
654 1933 846 1974 rumpere
867 1919 1041 1972 nuptias

339 1989 399 2029 Et
417 2000 599 2041 regnum
617 1986 777 2027 Priami
797 1991 932 2025 vetus.

283 2119 394 2169 Heu,
416 2118 505 2158 heu
523 2118 531 2158 !
563 2123 754 2169 quantus
774 2114 907 2167 equis,
930 2119 1120 2166 quantus
1144 2111 1265 2153 adest
1283 2113 1386 2155 viris

283 2185 424 2233 Sudor
442 2184 450 2223 !
485 2189 648 2235 quanta
668 2193 814 2221 moves
834 2179 984 2220 funera
1005 2177 1234 2218 Dardanae
1463 2179 1519 2221 10

284 2249 411 2291 Genti
429 2249 438 2289 l
498 2248 597 2289 Jam
618 2246 787 2299 galeam
806 2245 952 2285 Pallas
972 2250 1014 2284 et
1034 2242 1189 2297 aegida

341 2315 587 2366 Currusque
608 2319 649 2352 et
668 2311 829 2352 rabiem
848 2316 981 2363 parat.

265 2449 316 2480 15.
340 2446 394 2479 'ru
407 2446 470 2478 nisi
483 2445 588 2478 ventis
603 2443 710 2476 Debes
724 2443 891 2476 ludibrium
905 2451 996 2474 cave.
1154 2439 1194 2473 G.
1208 2449 1261 2472 xv.
1277 2440 1308 2473 9.
1330 2438 1434 2474 Eheu.
