1650 2730
553 179 768 213 maur
834 177 995 213 dvn.
1411 167 1443 214 9

263 285 354 328 Nos
372 284 582 336 convivia,
603 296 682 325 nos
701 283 859 337 proelia
878 282 1108 337 virginum,

262 351 399 392 Sectis
419 351 464 391 in
477 351 658 404 juvenes
678 349 898 403 unguibus
918 349 1095 401 acrium,

209 462 213 467 ,
263 416 503 457 Cantemus
522 415 661 466 vacui,
683 415 773 455 sive
792 414 898 467 quid
918 414 1093 468 urimur,

320 481 419 522 Non
437 487 600 535 praeter
620 480 794 521 solitum
813 480 941 520 leves.
1388 476 1445 517 20

577 876 817 916 GARMEN
862 875 963 915 VII.

362 1006 439 1035 AD
482 1007 822 1035 MUNATIUM
866 1006 1180 1034 PLANCUM.

99 1121 362 1163 Laudabunt
385 1122 458 1162 alii
477 1122 639 1163 claram
658 1123 852 1174 Rhodon,
875 1130 952 1164 aut
971 1123 1223 1177 Mitylenen.

159 1188 246 1227 Aut
266 1187 480 1239 Epheson,
502 1187 730 1227 bimarisve
750 1188 943 1228 Corinthi

102 1251 283 1302 Moenia,
305 1251 375 1291 vel
395 1251 566 1292 Baccho
587 1251 764 1292 Thebas
784 1252 854 1291 vel
874 1252 1070 1305 Apolline
1091 1251 1283 1305 Delphos

157 1317 363 1369 Insignes,
386 1322 462 1356 aut
482 1316 697 1357 Thessala
716 1316 894 1369 Tempe.

102 1381 214 1422 Sunt
232 1381 390 1433 quibus
410 1394 547 1421 unum
566 1394 674 1434 opus
694 1387 768 1433 est,
790 1382 975 1421 intactae
994 1380 1185 1422 Palladis
1205 1381 1356 1422 urbem
1427 1389 1454 1430 5

157 1447 356 1487 Carmine
376 1453 576 1499 perpetuo
595 1446 816 1498 celebrare,
838 1453 880 1486 et

102 1511 301 1564 Undique
322 1511 563 1565 decerptam
583 1511 708 1552 fronti
730 1525 984 1565 praeponere
1004 1512 1176 1553 olivam.

157 1577 384 1628 Plurimus,
406 1578 451 1618 in
469 1578 495 1618 J
498 1578 652 1618 unonis
673 1578 888 1629 honorem,

103 1642 265 1695 Aptum
285 1642 395 1682 dicet
415 1643 534 1695 equis
555 1643 691 1696 Argos
712 1643 906 1695 ditesque
927 1643 1148 1696 Mycenas.

158 1707 229 1747 Me
249 1719 327 1747 nec
348 1714 436 1747 tam
456 1708 622 1761 patiens
641 1707 953 1759 Lacedaemon,
1404 1708 1457 1748 10

105 1771 193 1812 Nec
214 1779 302 1812 tam
322 1772 518 1813 Larissae
538 1773 744 1826 percussit
763 1786 944 1826 campus
965 1773 1144 1826 opimae,

159 1838 309 1881 Quam
328 1837 480 1878 domus
500 1838 721 1878 Albuneae
741 1838 988 1889 resonantis,
1028 1890 1030 1892 v

107 1901 164 1941 Et
182 1915 378 1954 praeceps
398 1903 511 1943 Anio
531 1916 582 1943 ac
602 1903 787 1944 Tiburni
807 1903 944 1955 lucus,
966 1909 1008 1943 et
1027 1902 1117 1944 uda

162 1965 390 2008 Mobilibus
409 1968 599 2021 pomaria
618 1969 743 2008 rivis.'

108 2030 242 2071 Albus
262 2038 310 2072 ut
329 2033 505 2074 obscuro
524 2034 710 2086 deterget
729 2033 878 2074 nubila
898 2032 1016 2073 coelo
1413 2030 1466 2070 15

163 2096 298 2149 Saepe
317 2097 465 2150 Notus,
486 2087 630 2152 neque
645 2099 823 2152 parturit
842 2099 996 2138 imbres

109 2159 347 2213 PerpetUOS‚
368 2163 428 2203 sic
447 2169 496 2204 tu
516 2167 684 2217 sapiens
705 2163 826 2204 finire
846 2169 1061 2204 memento

165 2225 403 2267 Tristitiam
420 2228 619 2281 vitaeque
639 2229 804 2270 labores

112 2352 150 2385 C.
163 2354 216 2386 vii.
231 2355 262 2387 2.
287 2354 459 2395 Ephesum.
568 2359 599 2390 5.
623 2369 733 2397 arces;
755 2369 873 2390 arcem.
978 2359 998 2391 6
1012 2364 1045 2391 et
1061 2359 1091 2391 7.
1115 2358 1286 2394 celebrare,
1302 2356 1452 2396 Indeque.

241 2408 272 2440 7.
295 2408 461 2447 decerptae
475 2408 591 2447 floridi,
606 2411 646 2442 de
660 2412 743 2452 conj.
854 2412 885 2443 9.
909 2411 996 2442 dicit.
1102 2412 1153 2442 15.
1177 2410 1322 2449 detergit.

665 2463 715 2494 17.
739 2462 909 2501 Perpetuo.

704 2512 804 2553 .1¹‘
