1650 2730
263 279 440 320 Annosa
458 279 618 320 cornix.
677 280 795 321 Dum
814 288 942 340 ppteS,
963 282 1132 324 aridum

262 343 479 397 Compone
500 344 688 397 lignum:
718 358 812 385 eras
830 346 1018 388 Genium
1038 361 1153 389 mero

318 408 501 448 Curabis
521 415 562 448 et
582 421 706 461 porco
725 410 923 462 bimestri,

377 473 492 513 Cum
511 472 685 514 famulis
705 486 880 527 operum
900 475 1064 517 solutis.

494 815 734 855 GARMEN
769 817 935 857 XVIII.

534 934 605 962 AD
649 935 900 965 FAUNUM.

254 1035 418 1088 Fauna,
438 1037 740 1091 Nympharum
759 1040 997 1094 fugientum
1016 1050 1191 1097 amator,

254 1099 335 1139 Per
355 1113 471 1140 meos
493 1101 599 1141 fines
620 1111 661 1142 et
680 1105 823 1156 aprica
842 1119 940 1146 rura

255 1163 385 1204 Lenis
405 1164 589 1216 incedas,
610 1167 823 1219 abeasque
842 1170 985 1221 parvis

367 1227 543 1279 Aequus
564 1229 760 1272 alumnis

253 1353 300 1393 Si
321 1360 436 1393 tener
454 1355 579 1407 pleno
598 1356 713 1396 cadit
732 1358 897 1398 haedus
917 1372 1042 1412 anno,

257 1416 398 1470 Larga
416 1431 494 1459 nec
514 1419 669 1460 desunt
689 1422 863 1462 Veneris
884 1423 1020 1465 sodali

256 1481 366 1521 Vina
384 1489 581 1534 craterae,
603 1491 726 1525 vetus
746 1499 820 1527 ara
840 1488 977 1528 multo

365 1547 526 1588 Fumat
545 1548 681 1589 odore.

257 1671 388 1713 Ludit
406 1673 584 1715 herboso
604 1689 734 1729 pecus
754 1691 881 1720 omne
905 1693 1059 1734 eampo

253 1736 367 1777 Cum
388 1739 463 1779 tibi
483 1740 631 1781 Nonae
651 1742 829 1783 redeunt
849 1744 1132 1788 Decembres:

257 1800 410 1841 Festus
431 1803 477 1843 in
496 1805 626 1856 pratis
645 1813 773 1846 vacat
792 1808 925 1848 otioso

364 1866 478 1907 Cum
498 1868 604 1908 bove
623 1882 786 1923 pagus:

257 1991 371 2031 Inter
389 1993 574 2035 audaces
594 1996 723 2049 lupus
744 2005 853 2039 errat
872 2012 1032 2052 agnos:

254 2054 423 2108 Spargit
442 2066 626 2111 agrestes
646 2062 720 2101 tibi
741 2062 850 2102 silva
870 2063 1067 2106 frondes:

257 2119 427 2160 Gaudet
445 2122 627 2164 invisam
648 2127 862 2178 pepulisse
882 2127 1016 2170 fossor

368 2183 457 2224 Ter
474 2188 578 2238 pede
598 2195 761 2231 terram.

422 2310 460 2343 c.
475 2315 550 2346 xvii.
569 2315 620 2347 1³.
643 2317 729 2351 Dum
742 2320 837 2359 potis,
854 2298 1008 2353 ὸηιιῑω.

308 2358 347 2392 c.
362 2362 451 2394 xvffi.
466 2364 498 2396 5.
520 2366 623 2399 adet.
927 2373 978 2404 12.
1000 2373 1127 2413 param.

701 2417 730 2457 5

1314 169 1389 220 9¹1*

1328 413 1382 455 15

1330 1749 1386 1792 10

1327 2133 1383 2176 15
