<?xml version="1.0" encoding="UTF-8"?>
<!DOCTYPE html PUBLIC "-//W3C//DTD XHTML 1.0 Transitional//EN"
    "http://www.w3.org/TR/xhtml1/DTD/xhtml1-transitional.dtd">
<html xmlns="http://www.w3.org/1999/xhtml" xml:lang="en" lang="en">
 <head>
  <title>
</title>
<meta http-equiv="Content-Type" content="text/html;charset=utf-8" />
  <meta name='ocr-system' content='tesseract 3.04.00' />
  <meta name='ocr-capabilities' content='ocr_page ocr_carea ocr_par ocr_line ocrx_word'/>
</head>
<body>
  <div class='ocr_page' id='page_1' title='image "./workswithenglis00horauoft_0100.png"; bbox 0 0 1650 2730; ppageno 0'>
   <div class='ocr_carea' id='block_1_1' title="bbox 164 197 229 247">
    <p class='ocr_par' dir='ltr' id='par_1_1' title="bbox 164 197 229 247">
     <span class='ocr_line' id='line_1_1' title="bbox 164 197 229 247; baseline 0.015 -1"><span class='ocrx_word' id='word_1_1' title='bbox 164 197 229 247; x_wconf 82' lang='lat'>56</span> 
     </span>
    </p>
   </div>
   <div class='ocr_carea' id='block_1_2' title="bbox 706 207 972 242">
    <p class='ocr_par' dir='ltr' id='par_1_2' title="bbox 706 207 972 242">
     <span class='ocr_line' id='line_1_2' title="bbox 706 207 972 242; baseline -0.004 0"><span class='ocrx_word' id='word_1_2' title='bbox 706 207 972 242; x_wconf 72' lang='lat' dir='ltr'><strong>CARMINUM</strong></span> 
     </span>
    </p>
   </div>
   <div class='ocr_carea' id='block_1_3' title="bbox 655 396 1035 437">
    <p class='ocr_par' dir='ltr' id='par_1_3' title="bbox 655 396 1035 437">
     <span class='ocr_line' id='line_1_3' title="bbox 655 396 1035 437; baseline 0 0"><span class='ocrx_word' id='word_1_3' title='bbox 655 396 896 437; x_wconf 84' lang='lat' dir='ltr'><strong>CARMEN</strong></span> <span class='ocrx_word' id='word_1_4' title='bbox 933 396 1035 437; x_wconf 89' lang='lat' dir='ltr'>XII.</span> 
     </span>
    </p>
   </div>
   <div class='ocr_carea' id='block_1_4' title="bbox 390 517 1302 549">
    <p class='ocr_par' dir='ltr' id='par_1_4' title="bbox 390 517 1302 549">
     <span class='ocr_line' id='line_1_4' title="bbox 390 517 1302 549; baseline -0.004 0"><span class='ocrx_word' id='word_1_5' title='bbox 390 520 459 549; x_wconf 77' lang='lat' dir='ltr'>AD</span> <span class='ocrx_word' id='word_1_6' title='bbox 500 519 546 548; x_wconf 83' lang='lat' dir='ltr'>C·</span> <span class='ocrx_word' id='word_1_7' title='bbox 589 519 839 546; x_wconf 86' lang='lat' dir='ltr'><strong>CILNIUM</strong></span> <span class='ocrx_word' id='word_1_8' title='bbox 882 517 1302 546; x_wconf 72' lang='lat' dir='ltr'><strong>MAECENATEM.</strong></span> 
     </span>
    </p>
   </div>
   <div class='ocr_carea' id='block_1_5' title="bbox 335 625 1357 876">
    <p class='ocr_par' dir='ltr' id='par_1_5' title="bbox 336 625 1177 679">
     <span class='ocr_line' id='line_1_5' title="bbox 336 625 1177 679; baseline -0.008 -10"><span class='ocrx_word' id='word_1_9' title='bbox 336 627 458 670; x_wconf 89' lang='lat' dir='ltr'>Nolis</span> <span class='ocrx_word' id='word_1_10' title='bbox 478 626 606 679; x_wconf 87' lang='lat' dir='ltr'>longa</span> <span class='ocrx_word' id='word_1_11' title='bbox 626 625 738 665; x_wconf 85' lang='lat' dir='ltr'>ferae</span> <span class='ocrx_word' id='word_1_12' title='bbox 758 625 871 665; x_wconf 91' lang='lat' dir='ltr'>bella</span> <span class='ocrx_word' id='word_1_13' title='bbox 892 625 1155 666; x_wconf 82' lang='lat' dir='ltr'>Numantiae</span> <span class='ocrx_word' id='word_1_14' title='bbox 1173 660 1177 661; x_wconf 12' lang='grc' dir='ltr'><em>γ</em></span> 
     </span>
    </p>

    <p class='ocr_par' dir='ltr' id='par_1_6' title="bbox 335 690 1357 734">
     <span class='ocr_line' id='line_1_6' title="bbox 335 690 1357 734; baseline -0.003 0"><span class='ocrx_word' id='word_1_15' title='bbox 335 693 427 734; x_wconf 87' lang='lat' dir='ltr'>Nec</span> <span class='ocrx_word' id='word_1_16' title='bbox 446 692 588 732; x_wconf 89' lang='lat' dir='ltr'>dirum</span> <span class='ocrx_word' id='word_1_17' title='bbox 607 691 900 732; x_wconf 88' lang='lat' dir='ltr'>Hannibalem</span> <span class='ocrx_word' id='word_1_18' title='bbox 920 704 999 731; x_wconf 88' lang='lat' dir='ltr'>nec</span> <span class='ocrx_word' id='word_1_19' title='bbox 1020 690 1220 732; x_wconf 88' lang='lat' dir='ltr'>Siculum</span> <span class='ocrx_word' id='word_1_20' title='bbox 1239 702 1357 732; x_wconf 80' lang='lat' dir='ltr'>marc</span> 
     </span>
    </p>

    <p class='ocr_par' dir='ltr' id='par_1_7' title="bbox 336 756 1222 876">
     <span class='ocr_line' id='line_1_7' title="bbox 336 756 1222 810; baseline -0.002 -10"><span class='ocrx_word' id='word_1_21' title='bbox 336 759 480 800; x_wconf 88' lang='lat' dir='ltr'>Poeno</span> <span class='ocrx_word' id='word_1_22' title='bbox 500 770 764 810; x_wconf 89' lang='lat' dir='ltr'>purpureum</span> <span class='ocrx_word' id='word_1_23' title='bbox 785 757 996 810; x_wconf 86' lang='lat' dir='ltr'>sanguine</span> <span class='ocrx_word' id='word_1_24' title='bbox 1018 756 1222 798; x_wconf 86' lang='lat' dir='ltr'>mollibus</span> 
     </span>
     <span class='ocr_line' id='line_1_8' title="bbox 448 822 977 876; baseline 0 -14"><span class='ocrx_word' id='word_1_25' title='bbox 448 822 598 876; x_wconf 87' lang='lat' dir='ltr'>Aptari</span> <span class='ocrx_word' id='word_1_26' title='bbox 618 822 806 862; x_wconf 84' lang='lat' dir='ltr'>citharae</span> <span class='ocrx_word' id='word_1_27' title='bbox 826 822 977 874; x_wconf 89' lang='lat' dir='ltr'>modis,</span> 
     </span>
    </p>
   </div>
   <div class='ocr_carea' id='block_1_6' title="bbox 337 953 1245 1203">
    <p class='ocr_par' dir='ltr' id='par_1_8' title="bbox 337 953 1236 1006">
     <span class='ocr_line' id='line_1_9' title="bbox 337 953 1236 1006; baseline -0.002 -11"><span class='ocrx_word' id='word_1_28' title='bbox 337 954 430 996; x_wconf 87' lang='lat' dir='ltr'>Nec</span> <span class='ocrx_word' id='word_1_29' title='bbox 451 966 601 994; x_wconf 89' lang='lat' dir='ltr'>saevos</span> <span class='ocrx_word' id='word_1_30' title='bbox 621 953 831 1006; x_wconf 87' lang='lat' dir='ltr'>Lapithas</span> <span class='ocrx_word' id='word_1_31' title='bbox 852 960 892 993; x_wconf 88' lang='lat' dir='ltr'>et</span> <span class='ocrx_word' id='word_1_32' title='bbox 912 953 1099 993; x_wconf 91' lang='lat' dir='ltr'>nimium</span> <span class='ocrx_word' id='word_1_33' title='bbox 1120 965 1236 993; x_wconf 90' lang='lat' dir='ltr'>mero</span> 
     </span>
    </p>

    <p class='ocr_par' dir='ltr' id='par_1_9' title="bbox 340 1018 1245 1073">
     <span class='ocr_line' id='line_1_10' title="bbox 340 1018 1245 1073; baseline 0 -13"><span class='ocrx_word' id='word_1_34' title='bbox 340 1020 562 1073; x_wconf 84' lang='lat' dir='ltr'>Hylaeum</span> <span class='ocrx_word' id='word_1_35' title='bbox 583 1018 850 1071; x_wconf 90' lang='lat' dir='ltr'>domitosque</span> <span class='ocrx_word' id='word_1_36' title='bbox 871 1018 1085 1059; x_wconf 88' lang='lat' dir='ltr'>Herculea</span> <span class='ocrx_word' id='word_1_37' title='bbox 1107 1031 1245 1060; x_wconf 85' lang='lat' dir='ltr'>manu</span> 
     </span>
    </p>

    <p class='ocr_par' dir='ltr' id='par_1_10' title="bbox 339 1084 1137 1203">
     <span class='ocr_line' id='line_1_11' title="bbox 339 1084 1137 1139; baseline -0.004 -12"><span class='ocrx_word' id='word_1_38' title='bbox 339 1085 530 1127; x_wconf 83' lang='lat' dir='ltr'>Telluris</span> <span class='ocrx_word' id='word_1_39' title='bbox 544 1085 738 1139; x_wconf 85' lang='lat' dir='ltr'>juvenes,</span> <span class='ocrx_word' id='word_1_40' title='bbox 760 1084 876 1124; x_wconf 91' lang='lat' dir='ltr'>unde</span> <span class='ocrx_word' id='word_1_41' title='bbox 897 1084 1137 1138; x_wconf 88' lang='lat' dir='ltr'>periculum</span> 
     </span>
     <span class='ocr_line' id='line_1_12' title="bbox 453 1149 1103 1203; baseline 0 -13"><span class='ocrx_word' id='word_1_42' title='bbox 453 1150 647 1203; x_wconf 88' lang='lat' dir='ltr'>Fulgens</span> <span class='ocrx_word' id='word_1_43' title='bbox 667 1150 927 1190; x_wconf 88' lang='lat' dir='ltr'>contremuit</span> <span class='ocrx_word' id='word_1_44' title='bbox 947 1149 1103 1190; x_wconf 89' lang='lat' dir='ltr'>domus</span> 
     </span>
    </p>
   </div>
   <div class='ocr_carea' id='block_1_7' title="bbox 341 1279 1206 1529">
    <p class='ocr_par' dir='ltr' id='par_1_11' title="bbox 341 1279 1169 1333">
     <span class='ocr_line' id='line_1_13' title="bbox 341 1279 1169 1333; baseline -0.002 -11"><span class='ocrx_word' id='word_1_45' title='bbox 341 1280 518 1322; x_wconf 85' lang='lat' dir='ltr'>Saturni</span> <span class='ocrx_word' id='word_1_46' title='bbox 539 1280 715 1320; x_wconf 83' lang='lat' dir='ltr'>veteris:</span> <span class='ocrx_word' id='word_1_47' title='bbox 747 1286 881 1332; x_wconf 89' lang='lat' dir='ltr'>tuque</span> <span class='ocrx_word' id='word_1_48' title='bbox 901 1279 1169 1333; x_wconf 85' lang='lat' dir='ltr'>pedestribus</span> 
     </span>
    </p>

    <p class='ocr_par' dir='ltr' id='par_1_12' title="bbox 341 1345 1084 1398">
     <span class='ocr_line' id='line_1_14' title="bbox 341 1345 1084 1398; baseline 0 -13"><span class='ocrx_word' id='word_1_49' title='bbox 341 1346 471 1386; x_wconf 83' lang='lat' dir='ltr'>Dices</span> <span class='ocrx_word' id='word_1_50' title='bbox 491 1345 675 1385; x_wconf 90' lang='lat' dir='ltr'>historiis</span> <span class='ocrx_word' id='word_1_51' title='bbox 696 1345 854 1398; x_wconf 89' lang='lat' dir='ltr'>proelia</span> <span class='ocrx_word' id='word_1_52' title='bbox 876 1345 1084 1396; x_wconf 81' lang='lat' dir='ltr'>Caesaris,</span> 
     </span>
    </p>

    <p class='ocr_par' dir='ltr' id='par_1_13' title="bbox 341 1409 1206 1529">
     <span class='ocr_line' id='line_1_15' title="bbox 341 1409 1206 1463; baseline -0.001 -12"><span class='ocrx_word' id='word_1_53' title='bbox 341 1410 584 1462; x_wconf 86' lang='lat' dir='ltr'>Maecenas,</span> <span class='ocrx_word' id='word_1_54' title='bbox 606 1410 760 1450; x_wconf 90' lang='lat' dir='ltr'>melius</span> <span class='ocrx_word' id='word_1_55' title='bbox 780 1410 997 1462; x_wconf 87' lang='lat' dir='ltr'>ductaque</span> <span class='ocrx_word' id='word_1_56' title='bbox 1017 1423 1092 1463; x_wconf 90' lang='lat' dir='ltr'>per</span> <span class='ocrx_word' id='word_1_57' title='bbox 1110 1409 1206 1450; x_wconf 86' lang='lat' dir='ltr'>vias</span> 
     </span>
     <span class='ocr_line' id='line_1_16' title="bbox 453 1474 1022 1529; baseline -0.004 -13"><span class='ocrx_word' id='word_1_58' title='bbox 453 1476 624 1529; x_wconf 87' lang='lat' dir='ltr'>Regum</span> <span class='ocrx_word' id='word_1_59' title='bbox 643 1475 755 1514; x_wconf 89' lang='lat' dir='ltr'>colla</span> <span class='ocrx_word' id='word_1_60' title='bbox 773 1474 1022 1514; x_wconf 83' lang='lat' dir='ltr'>minacium.</span> 
     </span>
    </p>
   </div>
   <div class='ocr_carea' id='block_1_8' title="bbox 343 1603 1233 1852">
    <p class='ocr_par' dir='ltr' id='par_1_14' title="bbox 343 1603 1233 1656">
     <span class='ocr_line' id='line_1_17' title="bbox 343 1603 1233 1656; baseline -0.001 -11"><span class='ocrx_word' id='word_1_61' title='bbox 343 1605 416 1645; x_wconf 92' lang='lat' dir='ltr'>Me</span> <span class='ocrx_word' id='word_1_62' title='bbox 437 1603 585 1644; x_wconf 88' lang='lat' dir='ltr'>dulces</span> <span class='ocrx_word' id='word_1_63' title='bbox 605 1603 806 1643; x_wconf 87' lang='lat' dir='ltr'>dominae</span> <span class='ocrx_word' id='word_1_64' title='bbox 827 1603 958 1643; x_wconf 91' lang='lat' dir='ltr'>Musa</span> <span class='ocrx_word' id='word_1_65' title='bbox 978 1603 1233 1656; x_wconf 78' lang='lat' dir='ltr'>Licymniae</span> 
     </span>
    </p>

    <p class='ocr_par' dir='ltr' id='par_1_15' title="bbox 344 1667 1144 1721">
     <span class='ocr_line' id='line_1_18' title="bbox 344 1667 1144 1721; baseline -0.003 -10"><span class='ocrx_word' id='word_1_66' title='bbox 344 1671 522 1721; x_wconf 75' lang='lat' dir='ltr'>CantUS‚</span> <span class='ocrx_word' id='word_1_67' title='bbox 544 1682 613 1710; x_wconf 90' lang='lat' dir='ltr'>me</span> <span class='ocrx_word' id='word_1_68' title='bbox 634 1668 770 1709; x_wconf 86' lang='lat' dir='ltr'>voluit</span> <span class='ocrx_word' id='word_1_69' title='bbox 790 1667 927 1708; x_wconf 88' lang='lat' dir='ltr'>dicere</span> <span class='ocrx_word' id='word_1_70' title='bbox 948 1667 1144 1709; x_wconf 89' lang='lat' dir='ltr'>lucidum</span> 
     </span>
    </p>

    <p class='ocr_par' dir='ltr' id='par_1_16' title="bbox 344 1733 1135 1852">
     <span class='ocr_line' id='line_1_19' title="bbox 344 1733 1135 1788; baseline -0.005 -11"><span class='ocrx_word' id='word_1_71' title='bbox 344 1736 580 1788; x_wconf 88' lang='lat' dir='ltr'>Fulgentes</span> <span class='ocrx_word' id='word_1_72' title='bbox 600 1733 758 1784; x_wconf 82' lang='lat' dir='ltr'>oculos,</span> <span class='ocrx_word' id='word_1_73' title='bbox 780 1739 822 1773; x_wconf 88' lang='lat' dir='ltr'>et</span> <span class='ocrx_word' id='word_1_74' title='bbox 842 1733 949 1773; x_wconf 89' lang='lat' dir='ltr'>bene</span> <span class='ocrx_word' id='word_1_75' title='bbox 970 1733 1135 1774; x_wconf 90' lang='lat' dir='ltr'>mutuis</span> 
     </span>
     <span class='ocr_line' id='line_1_20' title="bbox 454 1798 1052 1852; baseline -0.003 -12"><span class='ocrx_word' id='word_1_76' title='bbox 454 1798 616 1840; x_wconf 74' lang='lat' dir='ltr'>Fidum</span> <span class='ocrx_word' id='word_1_77' title='bbox 637 1804 786 1852; x_wconf 88' lang='lat' dir='ltr'>pectus</span> <span class='ocrx_word' id='word_1_78' title='bbox 806 1798 1023 1839; x_wconf 87' lang='lat' dir='ltr'>amoribus</span> <span class='ocrx_word' id='word_1_79' title='bbox 1042 1812 1052 1838; x_wconf 75' lang='grc' dir='ltr'><strong><em>ε</em></strong></span> 
     </span>
    </p>
   </div>
   <div class='ocr_carea' id='block_1_9' title="bbox 341 1927 1272 2165">
    <p class='ocr_par' dir='ltr' id='par_1_17' title="bbox 343 1927 1272 1981">
     <span class='ocr_line' id='line_1_21' title="bbox 343 1927 1272 1981; baseline 0.001 -12"><span class='ocrx_word' id='word_1_80' title='bbox 343 1930 496 1974; x_wconf 79' lang='lat' dir='ltr'>Quam</span> <span class='ocrx_word' id='word_1_81' title='bbox 515 1941 594 1969; x_wconf 89' lang='lat' dir='ltr'>nec</span> <span class='ocrx_word' id='word_1_82' title='bbox 614 1929 719 1969; x_wconf 83' lang='lat' dir='ltr'>ferre</span> <span class='ocrx_word' id='word_1_83' title='bbox 739 1927 893 1981; x_wconf 87' lang='lat' dir='ltr'>pedem</span> <span class='ocrx_word' id='word_1_84' title='bbox 912 1927 1112 1969; x_wconf 87' lang='lat' dir='ltr'>dedecuit</span> <span class='ocrx_word' id='word_1_85' title='bbox 1131 1928 1272 1970; x_wconf 88' lang='lat' dir='ltr'>choris</span> 
     </span>
    </p>

    <p class='ocr_par' dir='ltr' id='par_1_18' title="bbox 341 1993 1137 2048">
     <span class='ocr_line' id='line_1_22' title="bbox 341 1993 1137 2048; baseline -0.003 -12"><span class='ocrx_word' id='word_1_86' title='bbox 341 1994 433 2036; x_wconf 88' lang='lat' dir='ltr'>Nec</span> <span class='ocrx_word' id='word_1_87' title='bbox 453 2000 611 2034; x_wconf 86' lang='lat' dir='ltr'>certare</span> <span class='ocrx_word' id='word_1_88' title='bbox 625 1995 721 2048; x_wconf 90' lang='lat' dir='ltr'>joco</span> <span class='ocrx_word' id='word_1_89' title='bbox 741 2007 819 2034; x_wconf 88' lang='lat' dir='ltr'>nec</span> <span class='ocrx_word' id='word_1_90' title='bbox 841 1993 941 2034; x_wconf 90' lang='lat' dir='ltr'>dare</span> <span class='ocrx_word' id='word_1_91' title='bbox 961 1995 1137 2034; x_wconf 83' lang='lat' dir='ltr'>brachla</span> 
     </span>
    </p>

    <p class='ocr_par' dir='ltr' id='par_1_19' title="bbox 341 2058 1163 2165">
     <span class='ocr_line' id='line_1_23' title="bbox 341 2058 1163 2111; baseline -0.002 -10"><span class='ocrx_word' id='word_1_92' title='bbox 341 2058 584 2101; x_wconf 89' lang='lat' dir='ltr'>Ludentem</span> <span class='ocrx_word' id='word_1_93' title='bbox 605 2059 750 2099; x_wconf 89' lang='lat' dir='ltr'>nitidis</span> <span class='ocrx_word' id='word_1_94' title='bbox 772 2059 1020 2111; x_wconf 87' lang='lat' dir='ltr'>virginibus,</span> <span class='ocrx_word' id='word_1_95' title='bbox 1043 2071 1163 2099; x_wconf 89' lang='lat' dir='ltr'>sacro</span> 
     </span>
     <span class='ocr_line' id='line_1_24' title="bbox 457 2123 918 2165; baseline -0.002 0"><span class='ocrx_word' id='word_1_96' title='bbox 457 2124 623 2165; x_wconf 86' lang='lat' dir='ltr'>Dianae</span> <span class='ocrx_word' id='word_1_97' title='bbox 643 2125 818 2165; x_wconf 90' lang='lat' dir='ltr'>celebris</span> <span class='ocrx_word' id='word_1_98' title='bbox 838 2123 918 2164; x_wconf 88' lang='lat' dir='ltr'>die.</span> 
     </span>
    </p>
   </div>
   <div class='ocr_carea' id='block_1_10' title="bbox 342 2229 1302 2385">
    <p class='ocr_par' dir='ltr' id='par_1_20' title="bbox 342 2229 1302 2385">
     <span class='ocr_line' id='line_1_25' title="bbox 343 2229 1302 2306; baseline -0.001 -11"><span class='ocrx_word' id='word_1_99' title='bbox 343 2253 464 2296; x_wconf 87' lang='lat' dir='ltr'>Num</span> <span class='ocrx_word' id='word_1_100' title='bbox 484 2259 542 2306; x_wconf 90' lang='lat' dir='ltr'>tu,</span> <span class='ocrx_word' id='word_1_101' title='bbox 563 2265 675 2306; x_wconf 90' lang='lat' dir='ltr'>quae</span> <span class='ocrx_word' id='word_1_102' title='bbox 696 2252 835 2293; x_wconf 90' lang='lat' dir='ltr'>tenuit</span> <span class='ocrx_word' id='word_1_103' title='bbox 854 2251 974 2292; x_wconf 85' lang='lat' dir='ltr'>dives</span> <span class='ocrx_word' id='word_1_104' title='bbox 994 2229 1302 2306; x_wconf 21' lang='lat' dir='ltr'>Achae-menes,</span> 
     </span>
     <span class='ocr_line' id='line_1_26' title="bbox 342 2317 1260 2385; baseline -0.003 -24"><span class='ocrx_word' id='word_1_105' title='bbox 342 2319 433 2385; x_wconf 69' lang='grc' dir='ltr'>ᾼιιῐ</span> <span class='ocrx_word' id='word_1_106' title='bbox 450 2319 622 2373; x_wconf 88' lang='lat' dir='ltr'>pinguis</span> <span class='ocrx_word' id='word_1_107' title='bbox 642 2317 856 2372; x_wconf 86' lang='lat' dir='ltr'>Phrygiae</span> <span class='ocrx_word' id='word_1_108' title='bbox 878 2317 1139 2371; x_wconf 82' lang='lat' dir='ltr'>Mygdonias</span> <span class='ocrx_word' id='word_1_109' title='bbox 1159 2331 1260 2372; x_wconf 89' lang='lat' dir='ltr'>opes</span> 
     </span>
    </p>
   </div>
   <div class='ocr_carea' id='block_1_11' title="bbox 305 2438 1406 2475">
    <p class='ocr_par' dir='ltr' id='par_1_21' title="bbox 305 2438 1406 2475">
     <span class='ocr_line' id='line_1_27' title="bbox 305 2438 1406 2475; baseline -0.004 -1"><span class='ocrx_word' id='word_1_110' title='bbox 305 2439 346 2475; x_wconf 80' lang='lat' dir='ltr'>G.</span> <span class='ocrx_word' id='word_1_111' title='bbox 361 2440 419 2473; x_wconf 87' lang='lat' dir='ltr'>xii.</span> <span class='ocrx_word' id='word_1_112' title='bbox 434 2439 467 2473; x_wconf 79' lang='lat'>2.</span> <span class='ocrx_word' id='word_1_113' title='bbox 491 2439 613 2472; x_wconf 85' lang='lat' dir='ltr'>durum.</span> <span class='ocrx_word' id='word_1_114' title='bbox 744 2439 775 2471; x_wconf 81' lang='lat'>6.</span> <span class='ocrx_word' id='word_1_115' title='bbox 799 2438 988 2470; x_wconf 81' lang='lat' dir='ltr'>domitosve.</span> <span class='ocrx_word' id='word_1_116' title='bbox 1124 2439 1174 2472; x_wconf 80' lang='lat'>12.</span> <span class='ocrx_word' id='word_1_117' title='bbox 1198 2439 1406 2472; x_wconf 74' lang='lat' dir='ltr'>minantium.</span> 
     </span>
    </p>
   </div>
   <div class='ocr_carea' id='block_1_12' title="bbox 761 2491 948 2524">
    <p class='ocr_par' dir='ltr' id='par_1_22' title="bbox 761 2491 948 2524">
     <span class='ocr_line' id='line_1_28' title="bbox 761 2491 948 2524; baseline 0 -1"><span class='ocrx_word' id='word_1_118' title='bbox 761 2492 813 2524; x_wconf 87' lang='lat'>13.</span> <span class='ocrx_word' id='word_1_119' title='bbox 837 2491 948 2523; x_wconf 80' lang='lat' dir='ltr'>dulcis.</span> 
     </span>
    </p>
   </div>
   <div class='ocr_carea' id='block_1_13' title="bbox 1475 1343 1531 1384">
    <p class='ocr_par' dir='ltr' id='par_1_23' title="bbox 1475 1343 1531 1384">
     <span class='ocr_line' id='line_1_29' title="bbox 1475 1343 1531 1384; baseline 0.018 -1"><span class='ocrx_word' id='word_1_120' title='bbox 1475 1343 1531 1384; x_wconf 86' lang='lat'>10</span> 
     </span>
    </p>
   </div>
   <div class='ocr_carea' id='block_1_14' title="bbox 1476 1733 1530 1774">
    <p class='ocr_par' dir='ltr' id='par_1_24' title="bbox 1476 1733 1530 1774">
     <span class='ocr_line' id='line_1_30' title="bbox 1476 1733 1530 1774; baseline 0 0"><span class='ocrx_word' id='word_1_121' title='bbox 1476 1733 1530 1774; x_wconf 84' lang='lat'>15</span> 
     </span>
    </p>
   </div>
  </div>
 </body>
</html>
