1612 2716
583 164 742 231 imm.
808 197 848 231 o.
882 197 970 231 ΧΠ.
1346 185 1439 233 155

209 301 350 350 Simul
369 301 546 342 calentis
566 301 880 342 inverecundus
900 300 1007 342 deus

211 405 214 408 .
264 367 507 408 Fervidiore
527 380 642 407 mero
662 379 819 407 arcana
837 370 1048 420 promorat
1067 366 1171 407 loco.

209 432 379 478 Quodsi
399 433 505 472 meis
526 433 735 472 inaestuet
755 431 1006 485 praecordiis
1389 432 1442 473 15

265 498 419 538 Libera
439 498 545 549 bilis,
567 484 614 538 ut
634 499 740 538 haec
761 499 926 550 ingrata
947 497 1086 537 ventis
1105 495 1271 537 dividat

211 562 420 603 Fomenta
439 563 600 603 vulnus
621 563 680 602 nil
701 563 867 602 malum
888 562 1086 612 levantia,

266 627 443 667 Desinet
462 628 694 680 imparibus
715 634 872 667 certare
894 633 1134 667 summotus
1155 625 1303 679 pudor.

210 691 294 733 Ubi
314 692 420 732 haec
442 705 614 733 severus
635 701 675 733 te
695 693 839 746 palam
860 692 1151 743 laudaveram,

236 777 239 779 “
265 757 420 799 Jussus
441 758 554 798 abire
574 757 762 809 domum,
783 757 946 798 ferebar
966 758 1124 797 incerto
1143 756 1250 810 pede
1389 755 1446 798 20

210 821 279 863 Ad
299 835 384 863 non
404 823 575 875 amicos,
597 823 684 863 heu
705 823 810 863 mihi
831 830 970 876 postes
990 830 1032 862 et
1052 823 1138 862 heu

266 887 438 928 Limina
459 888 576 939 dura,
598 889 755 941 quibus
776 888 943 928 lumbos
963 895 1005 928 et
1025 886 1175 940 infregi
1196 887 1320 927 latus.

214 951 352 1003 Nunc,
375 953 590 1005 gloriantis
610 954 845 1006 quamlibet
864 953 1162 1000 mulierculam

268 1017 443 1057 Vincere
463 1018 648 1068 mollitie,
670 1031 789 1058 amor
808 1019 978 1071 Lycisci
999 1031 1066 1057 me
1088 1023 1227 1071 tenet3

214 1080 339 1121 Unde
359 1082 556 1134 expedire
578 1095 663 1122 non
683 1084 919 1123 amicorum
938 1090 1097 1134 queant
1388 1081 1445 1122 25

271 1145 424 1185 Libera
442 1147 619 1186 consilia
638 1160 717 1186 nec
737 1148 1019 1187 contumeliae
1041 1159 1206 1200 graveS‚

214 1210 300 1251 Sed
320 1210 429 1250 alius
450 1211 572 1250 ardor
591 1219 665 1250 aut
685 1212 851 1263 puellae
871 1211 1079 1251 candidae

270 1275 359 1315 Aut
378 1276 517 1315 teretis
537 1277 655 1328 pueri
676 1276 848 1329 longam
867 1276 1110 1316 renodantis
1130 1288 1311 1318 comam.

695 1464 852 1471 --———-

589 1611 825 1650 GARMEN
864 1612 964 1650 XII.

388 1730 453 1758 IN
497 1731 663 1759 ANUM
708 1731 1161 1759 LIBIDINOSAM..

191 1835 311 1880 Quid
331 1837 404 1876 tibi
423 1837 500 1888 vis,
522 1837 674 1878 mulier
693 1838 824 1891 nigris
845 1838 1097 1892 dignissima
1115 1840 1247 1881 barris
1259 1841 1280 1882 ’.Ι

247 1900 426 1941 Munera
446 1902 549 1954 quid
571 1903 688 1954 mihi,
710 1903 869 1955 quidve
889 1904 1067 1943 tabellas

192 1963 336 2016 Mittis,
358 1979 435 2006 nec
457 1967 577 2007 firmo
592 1969 752 2021 juveni,
774 1981 913 2020 neque
933 1969 1047 2008 naris
1067 1969 1220 2010 obesae
1232 1970 1252 2010 21

246 2029 443 2083 Namque
464 2033 661 2085 sagacius
682 2045 797 2072 unus
817 2033 975 2084 odoror,

193 2092 383 2146 Polypus
402 2108 460 2136 an
480 2098 620 2149 gravis
640 2098 815 2138 hirsutis
834 2099 961 2138 cubet
980 2099 1125 2140 hircus
1144 2100 1189 2140 in
1209 2099 1300 2151 alis,
1420 2099 1447 2140 5

248 2157 399 2202 Quam
417 2162 536 2201 canis
555 2175 660 2214 acer,
682 2164 755 2204 ubi
776 2164 904 2203 lateat
924 2177 1009 2204 sus.

195 2221 310 2266 Quis
330 2223 457 2263 sudor
475 2225 598 2266 vietis
617 2234 659 2266 et
677 2241 808 2280 quam
829 2229 970 2268 malus
990 2228 1182 2282 undique
1201 2227 1402 2269 membns

252 2287 411 2326 Crescit
429 2288 540 2339 odor,
561 2303 694 2341 quum
713 2305 820 2344 pene
841 2294 978 2334 soluto

338 2415 389 2447 15.
411 2416 578 2449 inaestuat.
667 2420 717 2451 17.
742 2421 922 2452 allevantia.
1010 2422 1064 2453 24.
1087 2420 1232 2453 mollitia.

613 2469 652 2503 C.
669 2472 722 2503 xii.
738 2473 770 2504 2.
792 2482 848 2505 cur
861 2473 951 2505 mihi.
