1612 2716
522 185 753 219 mnan.
818 185 994 219 svm.
1321 173 1416 222 241

73 287 161 330 Sed
178 288 474 340 convivatoris,
495 289 558 330 uti
578 287 711 340 ducis,
732 289 954 342 ingenium
973 302 1040 330 res

73 353 290 406 Adversae
309 352 471 394 nudare
492 353 639 404 solent,
660 353 797 394 celare
817 354 1043 395 secundae.

73 418 334 460 Nasidienus
355 418 410 459 ad
432 419 562 458 haec:
594 419 695 459 Tibi
716 419 771 469 di,
792 432 1076 472 quaecunque
1095 420 1285 473 preceris
1362 422 1418 463 75

73 483 312 524 Commoda
330 483 457 524 dent!
517 484 583 524 Ita
602 484 667 524 vir
686 484 823 524 bonus
843 497 889 524 es
909 485 1177 538 convivaque
1196 486 1354 527 comis:

73 548 133 589 Et
151 548 288 588 soleas
307 548 453 600 poscit.
512 547 634 588 Tum
654 549 698 588 in
719 548 826 588 lecto
845 562 1016 602 quoque
1037 549 1201 592 videres

71 612 255 654 Sti-idere
275 620 435 653 secreta
454 611 614 660 divisos
634 626 738 654 aure
757 626 1021 654 susurros.—

72 677 225 718 Nullos
245 678 315 718 his
334 677 509 718 mallem
530 677 653 718 ludos
673 686 910 732 spectasse:
941 679 1015 720 sed
1037 679 1111 720 illa

71 741 233 794 Redde,
253 755 345 796 age,
365 755 478 795 quae
498 742 697 796 deinceps
717 744 1111 803 risisti—Vibidius
1131 745 1238 786 dum
1362 745 1419 787 80

70 807 256 852 Quaerit
273 806 326 848 de
346 808 499 860 pueris,
520 820 628 848 num
648 809 702 848 sit
721 821 892 861 quoque
913 809 1047 850 fracta
1067 810 1232 864 lagena,

70 871 205 917 Quod
223 873 304 913 sibi
322 873 511 925 poscenti
530 886 616 914 non
636 873 793 914 dantur
811 875 977 927 pocula,
998 875 1188 929 dumque

71 936 250 978 Ridetur
269 937 380 978 fictis
400 952 554 989 rerum,
575 939 803 980 Balatrone
822 940 1038 981 secundo:

70 1000 314 1052 Nasidiene,
334 1002 457 1053 redis,
478 1011 669 1044 mutatae
690 1003 851 1056 frontis,
872 1012 921 1045 ut
941 1011 1029 1045 arte

73 1064 396 1106 Emendaturus
415 1066 653 1120 fortunam3
686 1069 840 1109 deinde
861 1070 995 1109 secuti
1361 1070 1417 1110 85

74 1131 329 1171 Mazonomo
349 1132 468 1183 pueri
489 1145 646 1184 magno
665 1132 874 1185 discerpta
894 1133 1073 1173 ferentes

74 1196 269 1236 Membra
288 1196 414 1248 gruis,
438 1197 572 1248 sparsi
591 1196 679 1236 sale
699 1197 846 1247 multo,
867 1210 954 1238 non
976 1198 1066 1237 sine
1086 1197 1206 1249 farre,

73 1260 311 1316 pinguibus
331 1268 373 1300 et
393 1260 486 1300 ficis
506 1268 676 1313 pastum
691 1262 811 1314 jecur
830 1262 990 1301 anseris
1011 1263 1145 1312 albae,

74 1324 132 1365 Et
152 1325 342 1378 leporum
362 1325 547 1376 avulsos,
569 1332 617 1365 ut
637 1325 772 1365 multo
793 1327 983 1377 suavius,
1005 1339 1156 1377 armos,

72 1390 223 1434 Quam
243 1390 279 1429 si
298 1402 400 1429 cum
422 1389 578 1429 lumbis
598 1390 695 1441 quis
716 1389 813 1429 edit.
872 1391 991 1430 Tum
1012 1397 1178 1443 pectore
1193 1391 1347 1432 adusto
1361 1392 1418 1433 90

77 1453 270 1494 Vidimus
289 1461 332 1494 et
351 1454 537 1494 merulas
557 1455 656 1507 poni
676 1462 718 1495 et
738 1455 828 1494 sine
848 1455 975 1495 clune
994 1456 1230 1508 palumbes,

71 1518 239 1559 Suaves
258 1531 334 1568 res,
356 1519 391 1558 si
411 1531 499 1559 non
518 1532 673 1559 causas
693 1527 881 1559 narraret
900 1533 1048 1560 earum
1068 1527 1110 1560 et

73 1582 259 1623 Naturas
278 1582 502 1636 dominus3
534 1597 664 1636 quem
683 1597 761 1624 nos
781 1585 841 1625 sic
862 1584 1052 1637 fugimus
1072 1586 1161 1637 ulti,

72 1647 133 1687 Ut
150 1647 258 1688 nihil
277 1648 452 1688 omnino
471 1656 752 1701 gustaremus,
774 1649 894 1690 velut
912 1650 995 1690 illis

72 1711 256 1754 Canidia
274 1711 472 1765 afflasset,
494 1715 605 1768 pejor
624 1716 886 1767 serpentibus
906 1714 1032 1755 Afris.
1359 1715 1416 1757 95

237 1842 280 1874 ⁷5
314 1844 466 1882 precaris.
554 1845 607 1876 82.
630 1844 752 1876 dentur.
839 1846 893 1878 88.
916 1845 990 1876 albi.
1078 1845 1132 1877 95.
1154 1845 1243 1877 utria.
