1650 2730
194 181 289 228 126
730 190 996 225 <ulmum

403 297 654 358 Prosperam
673 294 848 348 frugum
865 293 1132 346 celeremque
1150 303 1304 346 pronos

516 362 693 403 Volvere
712 372 893 401 menses⁸
1485 356 1542 397 40

405 492 551 545 Nupta
565 492 657 545 jam
677 490 817 530 dices:
848 502 928 543 ego
947 488 1014 529 dis
1034 488 1236 540 amicum,

402 559 585 599 Saeculo
606 556 735 596 festas
756 555 958 595 referente
979 554 1109 605 luces,

402 621 587 664 Reddidi
606 634 791 672 carmen,
814 620 964 661 docilis
983 619 1210 660 modorum

516 687 636 728 Vatis
656 686 818 727 Horati.

676 1071 925 1117 *GARMEN
961 1070 1060 1110 VII.

429 1204 498 1232 AD
542 1204 590 1231 L.
635 1202 906 1231 MANLIUM
950 1201 1318 1231 TORQUATUM.

277 1320 496 1374 Diffugere
517 1320 650 1371 nives,
671 1318 850 1360 redeunt
863 1319 956 1373 jam
975 1318 1170 1372 gramina
1189 1317 1354 1372 campis

388 1386 707 1438 Arboribusque
728 1397 900 1425 comae:

278 1450 420 1491 Mutat
440 1457 548 1490 terra
567 1450 684 1490 vices
704 1456 746 1490 et
766 1449 1055 1489 decrescentia
1073 1448 1186 1501 ripas

388 1516 595 1556 Flumina
615 1520 882 1567 praetereunt
899 1527 907 1553 :

276 1581 425 1620 Gratia
444 1593 547 1620 cum
566 1579 783 1632 Nymphis
803 1578 1071 1632 geminisque
1092 1577 1303 1618 sororibus
1323 1577 1455 1618 audet
1515 1578 1543 1620 5

390 1645 557 1684 Ducere
578 1643 698 1684 nuda
717 1644 880 1684 choros.

276 1709 539 1750 Immortalia
558 1721 612 1749 ne
633 1721 784 1761 speres,
806 1713 951 1747 monet
971 1719 1112 1747 annus
1132 1713 1174 1748 et
1193 1706 1362 1749 almum

389 1775 518 1818 Quae
539 1773 649 1825 rapit
668 1773 772 1812 hora
792 1772 919 1812 diem.

277 1839 453 1891 Frigora
473 1837 704 1877 mitescunt
725 1837 965 1890 Zephyris3
996 1849 1071 1876 ver
1089 1837 1261 1890 proterit
1279 1843 1421 1878 aestas

387 1902 625 1954 Interitura‚
647 1902 776 1942 simul
1490 1903 1544 1943 10

277 1968 462 2010 Pomifer
481 1974 747 2008 auctumnus
768 1966 913 2020 fruges
933 1966 1138 2018 effuderit,
1160 1973 1202 2008 et
1221 1980 1326 2008 mox

388 2034 550 2074 Bruma
570 2033 743 2073 recurrit
763 2033 888 2073 iners.

278 2100 452 2141 Damna
473 2106 618 2138 tamen
638 2098 798 2138 celeres
820 2102 1016 2150 reparant
1035 2096 1234 2137 coelestia
1253 2096 1430 2138 Lunae:

390 2164 491 2214 Nos,
513 2164 587 2203 ubi
607 2163 856 2213 decidimus,

277 2231 381 2276 Quo
400 2229 497 2282 pius
517 2229 696 2278 Aeneas,
717 2240 803 2280 quo
822 2227 942 2267 dives
964 2225 1137 2279 Tullus,
1158 2233 1200 2267 et
1218 2227 1379 2279 Ancus,
1488 2226 1541 2268 15

389 2294 540 2336 Pulvis
561 2299 604 2334 et
622 2293 776 2334 umbra
795 2305 959 2333 sumus.

695 2423 733 2455 C.
749 2425 803 2455 vii
823 2423 873 2454 12.
897 2429 1044 2455 recurret.

258 2480 310 2513 15.
332 2484 422 2520 pater
437 2478 589 2516 Aenea„
614 2477 780 2514 Granius,-
804 2476 918 2508 Tullus
934 2476 1047 2515 dives3
1070 2475 1195 2514 Tullus,
1210 2475 1299 2508 dives
1312 2481 1345 2508 et
1361 2475 1484 2508 Ancus.
