1650 2730
478 214 728 250 mmm.
793 213 975 247 axin.
1151 239 1157 247 .
1330 200 1402 248 91*

536 399 774 442 GARMEN
809 398 910 440 XII.

474 530 549 559 AD
598 524 972 559 NEOBULER.

112 650 365 692 Miserarum
383 654 446 688 est
464 659 603 700 neque
624 645 756 687 amori
775 645 875 686 dare
894 644 1048 686 ludum
1066 656 1206 698 neque
1226 644 1345 685 dulci

111 715 230 757 Mala
248 715 347 755 vino
367 713 518 763 lavere,
539 718 616 752 aut
634 710 874 752 exanimari
893 716 1131 751 metuentes

223 780 406 820 Patruae
425 778 599 818 verbera
619 777 804 830 linguae.

111 845 216 886 Tibi
234 843 414 897 qualum
432 843 668 896 Cythereae
687 854 792 894 puer
810 840 910 891 ales,
932 839 1008 881 tibi
1028 839 1136 880 telas

114 910 410 963 operosaeque
431 908 649 948 Minervae
670 906 862 947 studium
881 904 1029 957 aufert,
1052 903 1258 956 Neobule‚
1370 903 1397 945 5

223 973 419 1026 Liparaei
438 973 547 1013 nitor
567 972 712 1023 Hebri,

112 1037 252 1080 Simul
271 1044 422 1078 unctos
441 1037 654 1078 Tiberinis
668 1037 870 1076 humeros
889 1035 995 1075 lavit
1013 1035 1060 1076 in
1079 1033 1219 1084 undis,

115 1104 263 1156 Eques
282 1103 373 1155 ipso
392 1102 537 1142 melior
556 1101 886 1153 Bellerophonte,
907 1111 1047 1152 neque
1066 1110 1212 1151 pugno

226 1167 377 1219 Neque
398 1166 517 1218 segni
535 1165 640 1218 pede
660 1166 799 1204 victus
817 1178 826 1204 z

114 1232 249 1273 Catus
270 1231 382 1271 idem
401 1243 474 1283 per
493 1232 686 1282 apertum
705 1229 916 1281 fugientes
936 1226 1094 1279 agitato
1347 1224 1399 1267 10

113 1297 252 1349 Grege
274 1307 419 1335 cervos
433 1294 624 1348 jaculari,
646 1300 687 1333 et
706 1293 815 1333 celer
835 1292 920 1332 alto
940 1291 1180 1333 latitantem
1254 1287 1258 1290 ’

223 1360 439 1401 Fruticeto
458 1358 652 1412 excipere
671 1370 835 1412 aprum.

532 1707 774 1748 GARMEN
807 1706 932 1747 XIII.

369 1837 440 1865 AD
479 1837 713 1865 FONTEM
753 1834 1096 1865 BANDUSIAE·

284 1951 323 1993 Ο
342 1951 436 1992 fons
455 1952 709 2003 Bandusiae,
730 1951 987 2005 splendidior
1004 1951 1127 2003 vitro,

285 2016 415 2057 Dulei
433 2016 559 2070 digne
576 2029 703 2067 mero,
723 2028 810 2056 non
829 2016 921 2057 sine
939 2015 1124 2068 floribus

341 2080 451 2121 Cras
465 2081 686 2122 donaberis
705 2079 854 2132 hoedo,

397 2145 482 2186 Cui
499 2145 613 2187 frons
632 2145 801 2200 turgida
819 2144 1018 2186 cornibus

286 2270 440 2312 Primis
458 2278 502 2313 et
518 2285 717 2315 venerem
733 2280 778 2314 et
794 2273 952 2327 proelia
969 2273 1175 2323 destinat3
1373 2270 1401 2312 5

289 2335 489 2378 Frustra:
516 2349 621 2379 nam
639 2338 800 2392 gelidos
819 2338 980 2379 inficiet
997 2337 1074 2379 tibi

594 2465 634 2498 0.
649 2467 706 2498 xii.
723 2467 775 2498 11.
795 2471 879 2501 2120.
