1612 2716
559 195 772 230 nnat
836 195 948 230 ιι.
1326 184 1424 232 245

189 300 309 354 Esto,
329 300 425 342 aliis
443 300 550 343 alios
570 301 696 342 rebus
716 299 954 353 studiisque
973 305 1130 341 teneri:

190 366 327 408 Iidem
346 366 498 421 eadem
517 372 697 419 possunt
715 366 865 406 horam
883 365 1039 406 durare
1058 366 1283 419 probantes
1294 365 1315 407 ’.ἲ

191 432 352 474 Nullus
372 432 417 472 in
436 432 534 472 orbe
554 432 676 471 sinus
695 430 812 472 Baiis
831 431 1047 484 praelucet
1066 432 1270 483 amoenis,

193 497 241 539 Si
261 497 370 537 dixit
389 496 520 548 dives,
542 497 663 537 lacus
682 504 724 536 et
744 510 860 537 mare
881 498 1009 537 sentit
1028 509 1219 537 amorem

194 563 464 603 Festinantis
475 562 589 602 heri:
619 562 690 602 cui
710 562 746 601 si
767 562 919 602 vitiosa
939 562 1069 602 libido
1373 561 1429 602 85

194 627 359 669 Fecerit
379 627 633 680 auspicium,
653 639 747 667 cras
767 626 1023 667 ferramenta
1044 627 1251 668 Teanum

193 692 386 743 Tolletis,
407 691 539 744 fabri!
599 692 758 732 Lectus
779 692 959 746 genialis
979 693 1026 732 in
1045 692 1147 732 aula
1166 699 1255 732 est:

196 757 269 799 Nil
290 758 350 798 ait
368 770 462 798 esse
481 757 609 810 prius,
630 758 786 798 melius
805 758 867 798 nil
886 757 1047 799 caelibe
1068 758 1180 798 vita:

194 823 242 864 Si
261 835 347 863 non
366 830 441 874 est,
457 824 572 877 jurat
592 823 699 869 bene
720 823 820 864 solis
840 836 932 863 esse
953 823 1126 864 maritis.

194 889 298 943 Quo
318 895 487 929 teneam
507 888 655 928 vultus
675 895 915 929 mutantem
936 889 1087 929 Protea
1106 887 1250 928 nodo?
1377 886 1434 928 90

196 953 318 998 Quid
338 953 530 1007 pauper?
587 953 720 994 Ride:
752 961 892 994 mutat
910 954 1156 1004 coenacula,
1179 953 1321 1004 lectos,

197 1017 371 1068 Balnea,
393 1026 604 1059 tonsores:
634 1019 846 1059 conducto
865 1020 1038 1071 navigio
1059 1032 1196 1071 aeque

197 1082 390 1123 Nauseat
408 1095 464 1129 ac,
480 1083 679 1135 locuples,
696 1097 827 1136 quem
846 1084 966 1124 ducit
985 1085 1107 1136 priva
1127 1083 1319 1123 triremis.

199 1148 247 1188 Si
266 1154 441 1187 curatus
462 1147 678 1199 inaequali
698 1155 864 1188 tonsore
884 1149 1062 1201 capillos

201 1203 399 1262 occurro,
421 1211 556 1251 rides:
587 1213 623 1252 si
643 1211 746 1252 forte
767 1213 982 1253 subucula
1002 1226 1139 1265 pexae
1379 1212 1435 1253 95

201 1278 326 1318 Trita
346 1278 492 1317 subest
512 1277 694 1328 tunicae,
716 1277 785 1317 vel
806 1278 842 1317 si
862 1285 960 1330 toga
980 1277 1156 1318 dissidet
1175 1278 1322 1330 impar,

201 1343 355 1384 Rides:
386 1342 502 1395 quid,
525 1355 621 1382 mea
641 1355 743 1382 cum
762 1350 927 1396 pugnat
947 1343 1156 1383 sententia
1175 1356 1333 1394 secum,

201 1408 336 1454 Quod
355 1408 483 1461 petiit,
505 1408 685 1460 spernit;
717 1408 864 1462 repetit
883 1407 998 1460 quod
1018 1421 1154 1461 nuper
1172 1408 1324 1459 omisit,

201 1474 393 1524 Aestuat,
415 1480 457 1513 et
476 1473 588 1513 vitae
609 1473 876 1514 disconvenit
894 1473 1041 1513 ordine
1061 1480 1157 1524 toto,

204 1539 356 1591 Diruit,
377 1538 588 1589 aedificat,
609 1546 749 1578 mutat
768 1539 978 1591 quadrata
997 1538 1221 1579 rotundis?
1357 1538 1438 1578 100

203 1604 394 1645 Insanire
414 1611 540 1657 putas
561 1604 752 1644 solennia
772 1617 851 1655 me,
873 1617 1012 1657 neque
1031 1604 1153 1656 rides,

202 1669 293 1710 Nec
312 1668 466 1709 medici
485 1668 622 1710 credis
642 1682 721 1709 nec
741 1669 947 1709 curatoris
966 1682 1087 1722 egere

202 1735 242 1775 A
262 1741 449 1787 praetore
469 1734 570 1786 dati,
591 1748 734 1775 rerum
753 1734 888 1775 tutela
906 1747 1103 1775 mearum

204 1799 320 1840 Cum
339 1800 397 1839 sis
416 1805 459 1838 et
473 1812 602 1852 prave
623 1806 789 1840 sectum
808 1799 1086 1840 stomacheris
1105 1799 1160 1840 ob
1179 1811 1371 1852 unguem

206 1864 274 1904 De
294 1870 334 1904 te
353 1863 586 1917 pendentis,
607 1872 648 1905 te
667 1866 927 1918 respicientis
947 1865 1085 1906 amici.
1359 1863 1439 1904 105

205 1927 276 1969 Ad
296 1941 531 1970 summam:
561 1930 731 1983 sapiens
750 1943 838 1970 uno
857 1918 997 1970 minor
1015 1937 1079 1970 est
1098 1930 1215 1981 Jove,
1231 1928 1364 1980 dives,

206 1993 343 2045 Liber,
364 1994 607 2046 honoratus,
628 1995 815 2048 pulcher,
836 2009 912 2035 rex
931 1995 1116 2048 denique
1136 2009 1299 2049 regum,

205 2058 437 2113 Praecipue
458 2073 602 2113 sanuS,
622 2061 706 2102 nisi
723 2074 826 2102 cum
845 2061 998 2115 pituita
1018 2061 1198 2102 molesta
1217 2067 1293 2102 est.
