1612 2716
138 121 237 176 180
675 143 960 176 SAnRARuu

137 246 379 309 Simplicior
397 246 495 300 quis
515 252 558 287 et
576 253 652 298 est,
674 247 850 300 qualem
871 261 940 288 me
961 261 1087 302 saepe
1108 248 1286 292 libenter

139 311 378 353 Obtulerim
398 312 484 364 tibi,
507 312 748 364 Maecenas,
772 321 820 353 ut
839 313 944 354 forte
965 313 1179 367 legentem
1427 347 1438 357 .

137 377 228 417 Aut
248 378 427 418 tacitum
447 378 639 430 impellat
658 378 811 430 quovis
832 391 1024 420 sermone
1044 379 1275 421 molestus:
1434 378 1494 424 65

137 442 371 483 Communi
391 455 521 483 sensu
541 443 667 496 plane
688 451 812 495 caret,
835 444 1067 497 inquimus
1126 445 1267 496 Ehem

136 507 287 551 Quam
307 514 462 547 temere
483 509 528 548 in
549 516 716 548 nosmet
737 509 877 562 legem
898 510 1119 550 sancimus
1139 510 1360 563 iniquam!

135 573 252 615 Nam
271 573 387 613 vitiis
406 586 533 613 nemo
554 574 645 614 sine
666 575 879 614 nascitur:
910 575 1098 627 optimus
1118 575 1189 616 ille
1209 582 1284 628 est,

135 638 229 684 Qui
248 638 438 678 minimis
459 646 645 691 urgetur.
704 640 884 680 Amicus
906 639 1056 691 dulcis,
1079 647 1127 681 ut
1146 654 1340 694 aequum
1357 648 1435 695 est,

135 703 251 744 Cum
270 716 368 744 mea
387 711 633 757 compenset
652 704 768 744 vitiis
788 705 912 756 bona,
934 706 1129 758 pluribus
1148 706 1279 759 hisce,
1434 708 1493 751 ¹70

134 768 183 810 Si
202 768 330 809 modo
350 769 475 822 plura
493 770 601 810 mihi
623 771 736 810 bona
756 778 868 822 sunt,
890 771 1077 824 inclinet,
1099 773 1236 814 amari

133 834 182 875 Si
202 834 342 875 volet:
373 835 456 875 hac
477 835 569 888 lege
590 836 635 876 in
656 837 815 877 trutina
834 844 1014 890 ponetur
1032 837 1197 879 eadem.

133 899 238 951 Qui,
261 912 315 940 ne
336 901 556 941 tuberibus
576 902 752 955 propriis
773 902 963 943 offendat
982 903 1184 956 amicum,

133 964 340 1016 Postulat,
363 965 554 1018 ignoscet
572 967 760 1007 verrucis
781 967 920 1020 illius3
952 981 1143 1021 aequum
1161 974 1236 1022 est,

134 1030 328 1070 Peccatis
350 1032 525 1071 veniam
545 1039 792 1084 poscentem
813 1032 987 1073 reddere
1008 1046 1171 1074 rursus.
1435 1036 1493 1079 '75

135 1096 346 1150 Denique,
368 1105 583 1150 quatenus
604 1098 745 1138 excidi
766 1099 937 1151 penitus
958 1099 1114 1140 vitium
1133 1100 1231 1153 irae,

134 1162 287 1203 Cetera
307 1164 409 1203 item
429 1171 652 1216 nequeunt
673 1164 814 1204 stultis
835 1165 1078 1206 haerentia:
1110 1178 1188 1206 cur
1206 1179 1296 1208 non

134 1227 400 1269 Ponderibus
421 1229 693 1282 modulisque
715 1230 805 1270 suis
826 1230 932 1270 ratio
952 1231 1096 1283 utitur,
1117 1244 1169 1271 ac
1189 1245 1267 1284 res,

134 1293 194 1334 Ut
214 1306 413 1346 quaeque
433 1301 508 1345 est,
531 1296 591 1335 ita
613 1295 833 1348 suppliciis
853 1295 1012 1336 delicta
1030 1303 1194 1337 coercet
1208 1297 1229 1338 ’.ῑ

134 1359 182 1400 Si
202 1359 300 1411 quis
321 1372 423 1400 eum
443 1373 628 1411 servum,
651 1361 845 1413 patinam
865 1361 940 1413 qui
961 1361 1105 1401 tollere
1119 1363 1280 1415 jussus,
1433 1361 1493 1404 80

134 1425 333 1466 semesos
354 1426 491 1478 pisces
513 1425 790 1478 tepidumque
812 1426 1016 1478 ligurierit
1030 1427 1116 1479 jus,

135 1490 187 1530 In
208 1503 333 1530 cruce
355 1490 540 1543 suffigat,
563 1481 765 1530 Labeone
786 1491 976 1530 insanior
995 1491 1104 1531 inter

135 1555 275 1595 Sanos
296 1555 474 1595 dicatur.
533 1556 714 1600 Quanto
735 1555 816 1595 hoc
838 1555 1038 1596 furiosius
1058 1562 1187 1609 atque

136 1620 279 1673 Majus
300 1627 527 1672 peccatum
547 1621 634 1660 est!
695 1621 885 1661 Paulum
905 1620 1085 1673 deliquit
1105 1621 1298 1675 amicus3

136 1684 270 1729 Quod
291 1685 373 1724 nisi
394 1686 615 1735 concedas,
638 1687 822 1726 habeare
844 1687 1063 1727 insuavis:
1093 1688 1276 1728 acerbus
1434 1688 1492 1730 85

137 1749 277 1790 Odisti
298 1756 339 1788 et
359 1749 486 1801 fugis,
509 1756 557 1788 ut
577 1750 797 1790 Rusonem
818 1750 980 1791 debitor
999 1751 1132 1804 aeris3

137 1814 231 1859 Qui
251 1814 345 1864 nisi,
367 1827 469 1853 cum
490 1814 626 1854 tristes
647 1815 801 1854 misero
820 1829 973 1857 venere
995 1816 1224 1868 Calendae,

137 1879 382 1921 Mercedem
402 1886 479 1919 aut
504 1892 707 1920 nummos
727 1880 843 1921 unde
864 1882 980 1922 unde
1000 1883 1190 1934 extricat,
1211 1895 1381 1924 amaras

137 1945 333 1986 Porrecto
347 1944 501 1997 jugulo
523 1945 721 1985 historias
743 1946 941 1999 captivus
964 1954 1010 1986 ut
1030 1947 1164 1987 audit.

138 2010 405 2051 Comminxit
427 2010 587 2050 lectum
608 2018 732 2063 potus
753 2024 958 2051 mensave
978 2011 1171 2051 catillum
1434 2014 1493 2056 90

138 2073 334 2116 Evandri
356 2075 559 2115 manibus
580 2076 727 2115 tritum
747 2076 920 2128 dejecit;
953 2075 1007 2115 ob
1026 2075 1141 2115 hanc
1162 2088 1264 2127 rem,

138 2141 228 2181 Aut
246 2139 433 2193 positum
454 2147 553 2179 ante
564 2146 670 2180 'mea
690 2141 792 2192 quia
812 2140 980 2192 pullum
1000 2141 1045 2181 in
1065 2147 1182 2193 parte
1201 2141 1332 2183 catini

139 2205 324 2248 Sustulit
343 2205 546 2255 esuriens,
570 2206 715 2245 minus
737 2206 816 2244 hoc
832 2205 1054 2259 jucundus
1076 2206 1244 2247 amicus

139 2272 206 2314 Sit
225 2270 366 2319 mihi'.z
424 2269 548 2315 Quid
568 2269 738 2321 faciam,
761 2271 795 2310 si
817 2270 980 2311 furtum
1001 2272 1155 2324 fecerit,
1177 2279 1253 2313 aut
1272 2273 1309 2314 si

141 2382 195 2416 ⁷4.
219 2381 380 2424 Ignoscat.
424 2381 476 2414 81.
498 2381 730 2421 trepidumque.
776 2381 828 2413 85.
846 2381 983 2413 habeare
999 2383 1312 2421 insuavismoerbun:
1330 2381 1490 2416 odini-t.

607 2435 660 2468 91.
683 2440 800 2466 tortum
819 2444 829 2472 ς
865 2434 1034 2475 sculptum.
