1650 2730
529 147 743 182 mr.
808 145 1007 181 amr.
1370 132 1436 181 25

290 252 434 307 Nigris
451 259 530 293 aut
548 250 815 306 Erymanthi

344 317 487 369 Silvis,
508 324 586 358 aut
604 316 752 358 viridis
772 316 924 371 Gragi:

235 447 322 488 Vos
341 447 508 501 Tempe
527 447 703 488 totidem
722 446 853 487 tollite
873 445 1085 498 laudibus,

234 512 531 565 Natalemque,
552 525 702 564 mares,
718 511 860 552 Delon
879 511 1101 566 Apollinis,
1382 510 1439 552 10

291 577 596 630 Insignemque
613 577 811 630 pharetra

347 643 641 696 Fraternaque
660 643 892 683 humerum
911 641 1018 704 lyra5

235 771 319 812 Hic
338 771 500 812 bellum
525 773 810 825 lacrimosum,
842 772 914 812 hie
934 772 1134 812 miseram
1152 770 1314 812 famem

235 836 490 890 Pestemque
508 851 537 877 a
556 837 715 890 populo
733 844 777 878 et
794 837 982 891 principe
1001 838 1187 879 Caesare
1206 836 1252 878 in

291 901 443 942 Persas
462 908 591 956 atque
610 903 838 943 Britannos
1388 900 1440 941 15

346 967 498 1009 Vestra
516 974 659 1009 motus
678 974 777 1021 aget
794 980 929 1022 prece.

556 1330 795 1370 GARMEN
839 1330 982 1370 XXII.

398 1458 474 1486 An
514 1459 831 1486 ARISTIUM
872 1460 1135 1488 Fuscum.

346 1575 513 1628 Integer
530 1576 645 1616 vitae
665 1576 919 1628 scelerisque
938 1589 1073 1629 purus

346 1639 445 1681 Non
464 1648 559 1694 eget
578 1641 743 1682 Mauris
756 1642 925 1695 jaculis,
940 1655 1081 1694 neque
1100 1654 1215 1695 arcu,

346 1705 438 1747 Nec
456 1707 679 1747 venenatis
698 1707 876 1760 gravida
896 1708 1072 1761 sagittis,

456 1772 608 1823 Fusce,
630 1772 851 1826 pharetra3

346 1900 448 1942 Sive
466 1913 540 1954 per
558 1902 705 1954 Syrtes
725 1903 803 1942 iter
821 1910 1055 1954 aestuosas,
1408 1907 1439 1949 5

347 1965 449 2007 Sive
467 1964 659 2007 facturus
677 1979 751 2020 per
770 1956 1073 2020 inhospit'alem

347 2030 606 2082 Caucasum,
626 2031 697 2071 vel
716 2045 828 2084 quae
846 2032 942 2073 loca
959 2031 1183 2074 fabulosus

456 2095 629 2136 Lambit
647 2096 889 2150 Hydaspes,

348 2221 544 2276 Namque
563 2237 634 2265 me
653 2225 764 2265 silva
782 2225 911 2279 lupus
930 2226 975 2267 in
994 2226 1169 2278 Sabina,

348 2284 468 2328 Dum
484 2301 629 2330 meam
646 2296 773 2330 canto
792 2290 997 2344 Lalagen,
1017 2297 1061 2331 et
1079 2291 1191 2332 ultra
1378 2291 1434 2332 10

550 2416 732 2500 Cana}
755 2418 884 2458 Mamm
904 2429 975 2451 nec.
