1612 2716
136 191 233 238 188
665 200 950 233 mmmmm

190 307 375 359 Jamque
395 305 486 346 dies
505 303 663 356 aderat,
684 304 746 344 nil
766 317 868 344 cum
887 302 1110 356 procedere
1128 302 1300 344 lintrem
1422 292 1482 344 '20

190 372 434 414 Sentimus:
464 370 599 411 donec
620 371 864 410 cerebrosus
884 369 1045 422 prosilit
1065 381 1192 420 unuS,
1402 368 1409 373 “

191 438 256 478 Ac
276 436 420 477 mulae
439 442 682 488 nautaeque
703 441 833 488 caput
852 435 1106 490 lumbosque
1126 433 1292 486 saligno

190 504 325 545 Fuste
346 501 485 542 dolat:
516 507 669 553 quarta
689 501 764 540 vix
785 500 962 540 demum
983 499 1238 552 exponimur
1255 499 1372 539 hora.

193 569 280 609 Ora
299 579 542 619 manusque
563 573 639 606 tua
659 566 857 616 lavimus,
880 566 1074 616 Feronia,
1097 564 1289 618 lympha.

192 633 331 675 Millia
350 638 443 672 tum
463 632 609 684 pransi
629 632 708 670 tria
727 631 927 683 repimus,
950 638 1079 683 atque
1100 630 1295 670 subimus
1427 627 1484 668 25

193 699 448 752 Impositum
468 696 585 738 saxis
606 696 690 736 late
709 695 992 736 candentibus
1012 697 1178 736 Anxur.

194 765 295 805 Huc
314 769 522 803 venturus
542 768 633 801 erat
652 761 882 802 Maecenas
902 761 1100 814 optimus,
1122 767 1251 814 atque

192 829 410 879 Cocceius,
431 827 551 867 missi
570 827 742 880 magnis
763 826 816 866 de
835 827 962 867 rebus
982 833 1159 879 uterque

192 894 357 947 Legati,
379 905 550 932 aversos
571 892 683 932 soliti
702 904 954 944 componere
974 892 1147 931 amicos.

193 960 278 1000 Hic
297 958 431 998 oculis
452 970 532 1010 ego
550 958 674 1010 nigra
693 957 801 997 meis
821 956 1000 1010 collyria
1019 956 1161 1010 lippus
1431 953 1488 994 30

195 1024 375 1065 Illinere.
434 1023 601 1063 Interea
621 1023 851 1063 Maecenas
871 1021 1046 1062 advenit
1064 1028 1194 1074 atque

195 1090 414 1140 Cocceius,
437 1088 674 1141 Capitoque
695 1088 825 1128 simul
846 1088 1063 1139 Fonteius,
1085 1086 1141 1127 ad
1161 1098 1354 1140 unguem

195 1156 358 1196 Factus
378 1155 532 1206 hom03
565 1155 737 1204 Antoni,
758 1165 846 1193 non
866 1159 915 1193 ut
934 1153 1072 1206 magis
1092 1152 1208 1204 alter,
1229 1151 1406 1193 amicus.

196 1220 376 1262 Fundos
396 1219 571 1260 Aufidio
589 1219 732 1260 Lusco
752 1225 939 1272 praetore
960 1219 1137 1259 libenter

196 1286 468 1339 Linquimus,
492 1285 634 1325 insani
654 1285 838 1325 ridentes
858 1284 1048 1338 praemia
1067 1283 1240 1335 scribae,
1434 1281 1492 1323 35

196 1352 469 1399 Praetextam
489 1358 531 1390 et
550 1350 690 1390 latum
709 1350 884 1390 clavum
903 1361 1150 1403 prunaeque
1169 1347 1379 1388 batillum.

197 1418 251 1458 In
271 1417 591 1457 Mamurrarum
611 1415 713 1455 lassi
734 1415 887 1455 deinde
909 1415 1012 1454 urbe
1033 1425 1271 1463 manemus,

197 1482 381 1523 Murena
400 1482 626 1534 praebente
645 1478 836 1531 domum,
859 1480 1066 1532 Capitone
1087 1478 1290 1519 culinam.

198 1548 372 1588 Postera
393 1547 471 1587 lux
492 1546 622 1586 oritur
641 1545 777 1586 multo
798 1545 1064 1598 gratissima3
1095 1555 1284 1596 namque

199 1613 364 1653 Plotius
384 1619 426 1652 et
446 1612 600 1652 Varius
621 1611 852 1652 Sinuessae
874 1610 1160 1663 Virgiliusque
1435 1606 1494 1648 40

199 1678 451 1728 Occurrunt,
473 1677 654 1727 animae,
677 1676 826 1728 quales
849 1689 988 1727 neque
1008 1673 1275 1715 candidiores

199 1742 337 1783 Terra
357 1742 464 1792 tulit,
486 1754 625 1793 neque
646 1748 743 1792 quis
765 1753 832 1780 me
854 1741 907 1780 sit
927 1740 1162 1780 devinctior
1180 1738 1298 1779 alter.

201 1806 240 1847 Ο
262 1806 338 1858 qui
358 1806 610 1858 complexus
629 1812 671 1845 et
691 1805 850 1858 gaudia
870 1812 1034 1858 quanta
1053 1803 1250 1845 fuerunt!

201 1871 275 1913 Nil
295 1883 375 1924 ego
394 1870 645 1910 contulerim
660 1870 854 1924 jucundo
874 1884 1007 1911 sanus
1027 1870 1176 1910 amico.

200 1937 405 1978 Proxima
425 1937 648 1989 Campano
667 1937 785 1989 ponti
805 1949 917 1989 quae
938 1936 1100 1986 villula,
1121 1941 1282 1975 tectum
1437 1931 1494 1973 45

201 2002 412 2053 Praebuit,
435 2009 476 2041 et
495 2002 679 2054 parochi,
702 2015 814 2054 quae
834 2001 1000 2049 debent,
1022 2001 1139 2052 ligna
1159 1999 1390 2051 salemque.

201 2068 315 2109 Hinc
337 2068 443 2107 muli
464 2068 640 2120 Capuae
660 2067 839 2106 clitellas
860 2073 1044 2117 tempore
1063 2070 1238 2116 ponunt.

202 2134 371 2175 Lusum
393 2133 424 2172 it
446 2133 699 2183 Maecenas3
732 2131 962 2170 dormitum
982 2141 1060 2182 ego
1081 2128 1389 2182 Virgiliusque:

203 2199 402 2251 Na’mque
423 2197 510 2250 pila
530 2197 654 2249 lippis
675 2195 897 2235 inimicum
916 2201 958 2234 et
978 2194 1120 2234 ludere
1141 2193 1295 2235 crudis.

205 2265 322 2317 Hinc,
340 2275 417 2303 nos
438 2261 605 2302 Cocceii
626 2261 772 2313 recipit
791 2260 1038 2313 plenissima
1059 2260 1174 2311 villa,
1438 2258 1495 2299 50

207 2331 338 2375 Quae
358 2341 485 2382 super
503 2333 568 2367 est
587 2325 730 2367 Caudi
751 2339 980 2379 cauponas.
1030 2326 1159 2366 Nunc
1178 2324 1285 2366 mihi
1304 2323 1453 2378 paucis

634 2486 689 2519 24,
712 2486 858 2523 lavimur‚
873 2484 913 2517 de
927 2486 1011 2527 conj.
