1612 2716
577 197 789 232 mr.
852 197 1037 231 tvm.
1373 183 1492 237 ΞΞἏ

185 305 346 355 Durus,
364 303 437 355 uit,
456 303 611 354 vanai,
631 303 761 343 nimis
779 308 1053 354 attentusque
1070 299 1228 342 videris

155 382 159 386 '
185 370 296 413 Esse
315 369 580 420 mihi—Pol,
600 381 670 408 me
688 368 903 418 miserum,
923 374 1110 420 patrone,
1130 378 1316 418 vocaroe,

186 436 234 477 Si
253 435 396 485 velloe,
417 435 568 486 inquit,
588 445 740 473 verum
758 432 866 473 mihi
884 443 1038 485 ponere
1057 444 1226 472 nomen.

185 499 319 546 Quod
339 507 379 540 te
398 512 472 552 per
490 499 678 539 Genium
695 497 980 551 dextramque
998 497 1186 549 deosque
1205 497 1389 538 Penates

187 565 375 606 Obsecro
392 571 437 604 et
453 564 646 614 obtestor,
666 563 780 603 vitae
799 575 869 603 me
888 562 1016 603 redde
1034 563 1160 616 priori
1175 563 1245 602 !—
1417 562 1474 602 95

185 630 280 675 Qui
298 628 430 670 semel
447 627 656 681 adspexit,
675 635 888 680 quantum
905 627 1084 668 dimissa
1102 628 1243 680 petitis

186 694 417 744 Praestent,
437 701 604 734 mature
622 692 766 734 redeat
785 700 1030 746 repetatque
1048 692 1206 733 relicta.

186 757 1380 812 Metirisequemquesuomoduloacpedeverumest.

580 1156 864 1196 EPISTOLA
901 1156 1027 1195 VIII.

365 1286 441 1314 AD
478 1286 720 1313 CBLSUH
761 1285 1240 1312 ALBINOVANUR.

188 1402 315 1443 Celso
332 1402 518 1455 gaudere
537 1409 577 1441 et
597 1401 705 1442 bene
724 1414 814 1442 rem
832 1414 974 1454 gerere
993 1400 1275 1451 Albinovano,

133 1468 262 1508 Musa
280 1474 427 1519 rogata
444 1466 562 1517 refer,
581 1467 726 1506 comiti
745 1467 993 1518 scribaeque
1012 1465 1207 1506 Nemnis.

133 1533 180 1573 Si
198 1539 371 1584 quaeret
389 1531 495 1583 quid
513 1544 653 1583 agam⁷
673 1530 755 1581 dic,
775 1530 913 1570 multa
931 1537 973 1569 et
992 1530 1172 1582 pulchra
1192 1529 1432 1571 minantem

133 1597 285 1636 Vivere
303 1609 382 1636 nec
401 1603 511 1636 recte
530 1609 609 1636 nec
629 1596 838 1636 suaviter:
870 1594 1002 1645 haud,
1022 1595 1126 1647 quia
1145 1594 1307 1647 grando

133 1660 381 1701 Contuderit
400 1661 519 1711 vites,
539 1660 733 1700 oleamve
752 1659 1024 1700 momorderit
1043 1667 1201 1710 aestus,
1443 1660 1472 1700 5

133 1725 224 1766 Nec
242 1725 345 1777 quia
363 1725 607 1778 longinquis
625 1732 868 1765 armentum
887 1732 1073 1778 aegrotet
1092 1725 1137 1764 in
1156 1724 1296 1777 agri83

133 1789 220 1830 Sed
237 1790 340 1842 quia
357 1798 498 1830 mente
518 1791 662 1831 minus
681 1789 852 1830 validus
870 1802 1005 1843 quam
1023 1802 1192 1842 corpore
1213 1796 1310 1840 toto,

134 1854 210 1894 Nil
229 1854 375 1894 audire
393 1855 535 1906 velim,
555 1855 618 1896 nil
637 1855 810 1906 discere,
830 1855 945 1907 quod
964 1855 1077 1895 levet
1094 1867 1296 1908 aegrum3

134 1919 256 1960 Fidis
274 1919 462 1960 offendar
480 1920 669 1972 medicis,
689 1921 847 1961 irascar
864 1920 1027 1970 amicis,

134 1985 224 2024 Cur
241 1996 310 2023 me
328 1983 496 2024 funoeto
515 1991 735 2038 properent
753 1997 893 2024 arcere
911 1991 1109 2036 veterno;
1418 1983 1473 2023 10

136 2050 265 2093 Quae
284 2060 465 2089 nocuere
484 2063 662 2102 sequar;
692 2049 860 2102 fugiam
877 2062 990 2101 quae
1009 2048 1173 2102 profore
1192 2048 1390 2090 credam:

135 2113 297 2152 Romae
315 2112 455 2152 Tibur
472 2126 616 2154 amem
633 2121 849 2165 ventosus,
869 2112 1033 2154 Tibure
1052 2114 1249 2154 Romam.

135 2177 237 2216 Post
256 2176 373 2225 haec,
394 2184 442 2216 ut
461 2177 614 2229 valeat,
633 2191 720 2230 quo
738 2186 862 2232 pacto
880 2191 971 2218 rem
989 2185 1108 2232 gerat
1126 2185 1169 2218 et
1187 2191 1244 2230 se,

138 2240 198 2280 Ut
218 2240 381 2292 placeat
393 2241 555 2293 juveni,
574 2250 829 2294 percontare,
850 2250 983 2295 utque
1002 2243 1177 2283 cohorti.

135 2305 183 2345 Si
202 2304 325 2354 dicet,
346 2304 499 2344 Recte:
526 2305 714 2357 primum
731 2306 928 2358 gaudere,
948 2307 1131 2347 subinde
1418 2305 1472 2344 15

136 2370 415 2421 Praeceptum
433 2369 636 2410 auriculis
653 2370 735 2411 hoc
753 2371 956 2411 instillare
974 2378 1212 2412 memento:
1346 2361 1349 2364 Α

136 2433 197 2475 Ut
215 2441 263 2474 tu
281 2433 506 2484 fortunam,
526 2434 587 2474 sic
606 2446 684 2475 nos
703 2442 758 2486 te,
777 2435 915 2487 Gelse,
934 2435 1133 2476 feremus.
