1650 2730
530 187 678 220 LIBER
709 188 742 221 L
809 188 849 221 0.
882 189 1005 222 xvn.

377 290 587 332 Tentavit
606 292 650 332 in
670 291 788 332 dulci
802 292 984 346 Juventa

431 357 601 409 Fervor,
623 364 665 397 et
684 358 729 398 in
748 357 905 398 celeres
925 358 1089 398 iambos

318 487 437 528 Misit
458 486 678 528 furentem.
738 488 866 528 Nunc
885 501 964 541 ego
984 488 1159 529 mitibus

318 552 486 593 Mutare
506 565 663 605 quaero
684 553 829 604 tristia,
851 553 956 594 dum
977 554 1085 594 mihi

373 619 476 659 Fias
496 619 722 659 recantatis
743 619 883 659 amica

430 683 674 738 Opprobriis
694 684 975 738 animumque
993 683 1159 725 reddas.

557 1021 796 1061 GARMEN
834 1022 977 1062 XVII.

461 1127 1068 1191 ADNTYNDARIDEM.

348 1245 484 1286 Velox
504 1258 733 1286 amoenum
754 1259 879 1299 saepe
899 1247 1161 1288 Lucretilem

347 1310 490 1351 Mutat
508 1310 681 1363 Lycaeo
701 1311 896 1362 Faunus,
917 1318 960 1351 et
979 1311 1152 1364 igneam

404 1374 607 1415 Defendit
626 1381 832 1415 aestatem
851 1375 1027 1428 capellis

458 1439 606 1493 Usque
626 1440 744 1492 meis,
766 1440 1022 1493 pluviosque
1042 1447 1204 1481 ventos.

347 1569 529 1622 Impune
549 1575 692 1610 tutum
711 1583 785 1622 per
802 1582 958 1610 nemus
978 1570 1150 1610 arbutos

347 1635 577 1680 Quaerunt
595 1635 774 1675 latentes
794 1642 835 1675 et
854 1635 1008 1688 thyma
1026 1635 1178 1676 deviae
1239 1656 1246 1662 ·

403 1699 568 1740 Olentis
589 1713 744 1741 uxores
763 1700 917 1752 mariti,

461 1765 551 1806 Nec
570 1765 728 1806 virides
748 1772 948 1806 metuunt
966 1765 1164 1806 colubras

349 1893 440 1934 Nec
460 1893 678 1934 Martiales
698 1894 921 1935 Haediliae
940 1895 1076 1948 lupos,

350 1957 580 2011 Utcunque
600 1959 728 2010 dulci,
752 1959 963 2011 Tyndari,
986 1959 1136 2000 fistula

405 2023 550 2063 Valles
570 2030 612 2063 et
630 2023 803 2064 Usticae
823 2023 1022 2063 cubantis

463 2087 598 2128 Levia
616 2101 870 2141 personuere
891 2101 1011 2128 saxa.

354 2214 413 2254 D1
430 2227 499 2256 me
518 2222 715 2256 tuentur:
745 2216 812 2256 dis
831 2216 968 2270 piens
987 2229 1087 2257 mea

355 2277 416 2319 Et
434 2279 563 2320 Musa
581 2280 697 2322 cordi
715 2287 790 2321 est.
848 2281 933 2323 Hic
952 2282 1029 2322 tibi
1047 2280 1173 2334 copia

257 2402 299 2437 0.
312 2405 387 2437 xvii.
401 2405 434 2437 5.
455 2410 567 2439 totum.
702 2409 735 2441 8.
758 2408 913 2441 colubros.
1051 2409 1084 2441 9.
1107 2407 1295 2440 hoeduleae.

702 2461 753 2492 14.
776 2459 874 2492 Hinc.

1380 173 1461 224 21'·

1383 498 1437 537 25

1395 1957 1450 1999 10
