1612 2716
196 155 292 201 236
726 163 1011 200 summum

193 269 403 311 Insectere
423 269 543 310 velut
561 269 720 321 melior,
740 270 966 323 verbisque
984 268 1148 311 decoris

193 335 414 377 Obvlovas
434 335 620 376 vitium?
678 336 811 387 Quid,
834 337 870 376 si
890 349 957 376 me
978 335 1145 376 stultior
1163 333 1255 388 ipso

193 401 456 454 Quingentis
476 407 618 453 empto
638 400 854 441 drachmis
874 399 1174 454 deprenderis'l
1230 399 1365 442 Aufer

192 466 264 506 Me
286 466 411 506 vultu
431 473 580 506 terrere
589 480 604 518 *3
636 479 818 507 manum
838 466 1195 518 stomachumque
1214 472 1366 517 teneto,

194 532 324 582 Dum,
347 544 458 583 quae
480 532 664 584 Crispini
684 531 830 572 docuit
850 544 920 572 me
934 532 1102 585 janitor,
1123 531 1216 572 edo.
1486 530 1543 574 45

192 596 260 636 Te
280 598 438 650 conjux
458 596 600 636 aliena
619 597 743 649 capit,
764 596 1031 637 meretricula
1053 597 1253 637 Davum:

193 662 349 702 Peccat
369 669 462 702 uter
480 669 674 702 nostrum
693 675 819 702 cruce
838 662 1043 716 digniustt
1102 662 1227 703 Acris
1248 662 1323 703 ubi
1342 673 1412 705 nn

192 727 358 768 Natura
378 727 571 779 intendit,
593 728 675 768 sub
694 728 811 768 clara
830 727 951 768 nuda
971 728 1147 768 lucerna

190 793 492 845 Quaecunque
511 793 678 846 excepit
697 794 905 846 turgentis
925 794 1099 834 verbera
1118 792 1301 844 caudae,

191 859 404 900 Clunibus
424 866 500 899 aut
519 860 699 912 agitavit
717 872 880 912 equum
900 859 1065 900 lasciva
1085 859 1301 912 supinum,
1485 858 1543 900 50

191 924 378 969 Dimittit
397 938 536 977 neque
557 924 773 966 famosum
793 938 933 978 neque
954 924 1196 976 sollicitum,
1218 936 1273 965 ne

190 990 328 1030 Ditior
347 996 423 1030 aut
443 990 604 1030 formae
624 991 809 1031 melioris
829 991 961 1031 meiat
980 990 1142 1031 eodem.

190 1056 276 1106 Tu,
298 1069 398 1096 cum
420 1056 612 1109 projectis
633 1056 886 1109 insignibus,
908 1056 1040 1096 anulo
1059 1055 1245 1108 equestri

188 1121 471 1174 Romanoque
491 1122 653 1173 habitu,
675 1121 816 1174 prodis
837 1135 892 1162 ex
907 1121 1051 1175 judice
1072 1122 1218 1162 Dama

189 1188 361 1241 Turpis,
383 1187 607 1228 odoratum
627 1194 758 1241 caput
777 1188 1030 1228 obscurante
1050 1187 1232 1239 lacerna,
1484 1186 1540 1227 55

188 1253 286 1293 Non
307 1266 363 1304 eS,
385 1253 498 1305 quod
522 1254 733 1294 simulas?
793 1254 993 1294 Metuens
1014 1253 1238 1305 induceris,
1259 1258 1389 1306 atque

188 1319 432 1359 Altercante
455 1320 702 1360 libidinibus
723 1320 867 1360 tremis
888 1333 986 1359 ossa
1004 1331 1172 1372 pavore.

170 1385 311 1429 VQuid
330 1385 464 1436 refert,
487 1386 562 1436 uri,
584 1386 715 1438 virgis
735 1385 927 1437 ferroque
946 1384 1088 1424 necari

187 1450 446 1490 Auctoratus
467 1464 551 1501 eas,
574 1464 630 1490 an
650 1451 763 1503 turpi
782 1450 958 1490 clausus
978 1450 1023 1489 in
1044 1462 1154 1501 arca,

187 1516 291 1560 Quo
312 1522 351 1555 te
372 1516 541 1556 demisit
561 1516 723 1569 peccati
743 1516 915 1556 conscia
935 1515 1090 1566 herilis,
1165 1565 1167 1567 Ι
1481 1512 1539 1554 60

187 1581 466 1621 Contractum
487 1582 667 1634 genibus
688 1588 842 1634 tangas
863 1580 1023 1633 caput?
1083 1580 1219 1620 Estne
1238 1583 1390 1619 manto

187 1644 408 1685 Matronae
429 1647 644 1698 peccantis
666 1647 709 1685 in
730 1647 856 1685 ambo
871 1647 988 1698 justa
1007 1643 1224 1697 potestas?

186 1710 238 1750 In
259 1717 543 1762 corruptorem
563 1711 632 1749 vel
645 1711 810 1762 justior.
869 1710 950 1749 Illa
970 1716 1115 1748 tamen
1134 1720 1180 1747 se

186 1774 284 1815 Non
306 1775 457 1814 habitu
476 1781 669 1814 mutatve
691 1774 782 1813 loco
803 1779 1004 1825 peccatve
1025 1785 1218 1825 superne,

187 1840 302 1880 Cum
322 1846 362 1879 te
383 1838 578 1879 formidet
597 1838 751 1878 mulier
770 1851 909 1890 neque
929 1837 1073 1877 credat
1093 1837 1280 1891 amanti3
1479 1837 1536 1879 65

186 1905 273 1946 Ibis
293 1905 375 1944 sub
395 1903 561 1944 furcam
581 1903 778 1956 prudens,
801 1902 1057 1955 dominoque
1077 1902 1233 1943 furenti

187 1970 438 2011 Committes
458 1983 548 2010 rem
567 1981 740 2009 omnem
759 1974 800 2008 et
817 1964 954 2007 'vitam
974 1974 1015 2007 et
1034 1981 1135 2008 cum
1155 1980 1324 2021 corpore
1343 1967 1519 2009 famam.

186 2035 363 2077 Evasti:
394 2034 529 2086 credo,
551 2041 715 2074 metues
735 2033 970 2085 doctusque
990 2033 1185 2085 cavebis3

187 2103 393 2151 Quaeres,
415 2100 590 2154 quando
610 2101 762 2140 iterum
782 2111 940 2152 paveas
960 2099 1198 2151 iterumque
1218 2098 1350 2152 perire

187 2167 330 2207 Possis
361 2166 399 2206 O
421 2167 542 2206 toties
563 2165 737 2206 servus!
797 2165 927 2209 Quae
948 2164 1092 2204 bellua
1112 2165 1245 2217 ruptis
1479 2163 1536 2204 ⁷0

189 2233 302 2273 Cum
325 2231 455 2271 semel
476 2231 641 2284 effugit,
663 2229 800 2271 reddit
819 2242 864 2269 se
885 2242 1018 2282 prava
1037 2229 1230 2269 catenis?

187 2297 288 2340 Non
308 2310 406 2350 sum
422 2297 642 2347 moechus,
663 2296 748 2347 ais3
775 2307 914 2348 neque
933 2307 1023 2349 ego,
1040 2294 1223 2345 hercule,
1239 2292 1318 2346 fur,
1334 2292 1409 2334 udi
1427 2304 1536 2333 vasa

1586 2012 1608 2039 Ο

748 2445 803 2479 48.
825 2444 978 2478 incendit.
