1612 2716
585 191 796 226 mmm
860 192 1008 226 avr.
1363 184 1461 231 253

117 298 182 339 Ac
201 298 309 339 bene
326 303 600 346 nummatum
619 296 790 339 decorat
809 296 998 338 Suadela
1020 297 1261 350 Venusque.

117 364 343 421 Mancipiis
363 362 551 416 locuples
570 368 666 416 eget
683 362 792 406 aeris
812 362 1119 416 Cappadocum
1138 375 1238 403 rex:

117 429 182 471 Ne
199 429 331 470 fueris
352 428 422 484 hic
443 435 502 469 tu.
561 427 827 480 Chlamydes
847 427 1070 479 Lucullus,
1092 436 1140 468 ut
1159 429 1292 480 aiunt,
1405 429 1462 470 40

117 495 165 536 Si
185 501 325 548 posset
343 500 518 535 centum
538 506 691 534 scenae
710 493 920 546 praebere,
943 500 1126 546 rogatus,

116 561 210 605 Qut
229 572 403 613 possum
422 566 482 599 tot
493 559 512 598 ’.ῑ
532 558 616 598 ait:
642 566 786 598 tamen
801 566 843 598 et
857 571 1073 611 quaeram,
1090 565 1143 610 et,
1159 566 1263 611 quot
1283 559 1461 612 habebo,

117 625 310 678 Mittam3
341 630 434 678 post
447 620 599 677 'paullo
619 624 772 681 scribit,
794 624 874 664 sibi
894 624 1029 664 millia
1048 624 1239 677 quinque

116 690 224 731 Esse
243 689 359 740 donli
377 689 684 743 chlamydum3
716 696 890 742 partem,
913 689 981 729 vel
1003 689 1164 745 tolleret
1183 703 1346 731 omnes.

118 756 258 796 Exilis
277 755 431 795 domus
451 762 525 806 est,
550 755 621 806 ubi
641 767 727 795 non
747 750 789 795 et
809 755 947 795 multa
968 762 1208 808 supersunt,
1407 755 1463 796 45

119 822 177 862 Et
196 822 420 862 dominum
439 819 606 872 fallunt,
627 827 669 860 et
689 828 865 873 prosunt
885 819 1063 861 furibus.
1123 821 1239 875 Ergo

116 888 165 930 Si
186 900 250 928 res
269 886 360 937 sola
379 893 516 939 potest
535 885 674 926 facere
693 892 735 926 et
755 899 922 926 servare
942 887 1128 937 beatum,

118 953 214 1005 Hoc
231 952 392 1005 primus
411 958 575 1004 repetas
595 964 714 1004 opus,
737 952 818 991 hoc
838 958 1077 1004 postremus
1096 951 1279 992 omittas.

118 1019 165 1059 Si
186 1017 447 1058 fortunatum
467 1017 627 1069 species
646 1024 688 1056 et
708 1017 845 1070 gratia
865 1024 1060 1070 praestat,

119 1070 359 1123 Mercemur
378 1093 560 1132 servum,
581 1082 657 1134 qui
677 1081 806 1122 dictet
825 1083 1011 1130 nomina,
1034 1082 1207 1122 laevum
1409 1082 1466 1122 50

118 1147 212 1192 Qui
228 1137 386 1187 >fodicet
406 1146 530 1197 latus,
551 1153 594 1186 et
612 1154 735 1198 cogat
755 1154 872 1186 trans
892 1146 1082 1198 pondera
1101 1146 1299 1186 dextram

119 1212 355 1264 Porrigere:
387 1211 469 1251 Hic
490 1211 675 1250 multum
695 1211 740 1250 in
761 1211 898 1251 Fabia
917 1210 1043 1261 valet,
1065 1211 1135 1251 ille
1156 1211 1332 1264 Velina;

121 1277 205 1317 Cui
225 1276 326 1317 libet
346 1276 382 1316 is
402 1275 539 1316 fasces
559 1275 687 1326 dabit,
709 1275 939 1329 eripietque
959 1275 1107 1315 curule

122 1342 206 1383 Oui
225 1341 339 1382 volet
357 1342 625 1394 importunus
645 1341 760 1381 ebur.
821 1341 979 1391 Frater,
1001 1347 1119 1394 pater
1138 1340 1273 1394 adde3

121 1408 180 1449 Ut
198 1407 353 1460 cuique
373 1412 438 1446 est
457 1413 586 1457 aetaS,
608 1406 667 1446 ita
686 1419 902 1459 quemque
922 1405 1087 1446 facetus
1108 1406 1276 1460 adopta.
1409 1407 1465 1448 55

122 1474 180 1524 Si,
201 1474 308 1514 bene
327 1472 402 1525 qui
421 1478 583 1522 coenat,
604 1473 712 1512 bene
732 1472 849 1523 vivit,
871 1472 996 1522 lucet,
1017 1485 1169 1512 eamus

121 1540 225 1584 Quo
244 1537 371 1577 ducet
390 1537 492 1590 gula
508 1551 517 1590 ;
549 1537 772 1590 piscemur,
793 1550 1008 1587 venemur,
1030 1543 1078 1576 ut
1098 1537 1198 1577 olim

121 1603 348 1656 Gargilius,
368 1603 443 1655 qui
463 1616 588 1642 mane
609 1603 770 1655 plagas,
791 1603 1016 1654 venabula,
1039 1616 1181 1642 servos

123 1668 349 1709 Differtum
369 1669 544 1708 transire
564 1668 703 1708 forum
723 1668 1015 1721 populumque
1030 1669 1219 1722 jubebat,

122 1735 247 1775 Unus
267 1740 315 1774 ut
333 1747 356 1773 e
376 1734 523 1774 multis
543 1734 699 1787 populo
720 1741 936 1787 spectante
958 1733 1124 1774 referret
1410 1733 1468 1775 60

123 1800 329 1851 Emptum
351 1799 495 1839 mulus
515 1812 678 1852 aprum.
737 1799 868 1839 Crudi
892 1799 1127 1852 tumidique
1149 1800 1353 1851 lavemur,

123 1863 246 1909 Quid
265 1863 423 1915 deceat,
444 1864 549 1916 quid
569 1877 666 1915 non,
688 1865 816 1915 obliti,
839 1865 1004 1905 Caerite
1024 1878 1121 1905 cera

124 1928 268 1981 Digni,
289 1929 512 1982 remigium
531 1930 734 1970 vitiosum
754 1930 991 1970 Ithacensis
1011 1930 1167 1981 Ulixei,

126 1994 209 2034 Cui
229 1993 360 2045 potior
379 1995 512 2046 patria
533 1994 613 2035 fuit
634 1995 855 2035 interdicta
876 1995 1085 2047 voluptas.

125 2059 184 2109 Si,
206 2058 486 2098 Mimnermus
506 2060 567 2100 uti
586 2067 740 2111 censet,
764 2060 855 2100 sine
876 2072 1018 2110 amore
1032 2059 1224 2113 jocisque
1410 2060 1466 2100 65

126 2122 282 2164 Nil-est
295 2123 547 2175 jucundum,
566 2125 690 2165 vivas
711 2125 755 2165 in
775 2137 918 2165 amore
931 2124 1136 2178 jocisque.

127 2187 244 2238 Vive,
267 2187 386 2227 vale!
445 2189 491 2228 Si
510 2189 613 2241 quid
634 2191 790 2230 novisti
809 2190 964 2230 rectius
984 2190 1086 2241 istis,

128 2251 351 2292 Candidus
370 2252 534 2305 imperti
551 2267 561 2304 3
593 2254 627 2293 si
649 2267 746 2304 non,
766 2256 834 2294 his
854 2263 970 2296 utere
990 2268 1174 2296 mecum.

627 2383 677 2415 57.
702 2383 799 2420 ducit,
816 2384 966 2416 Orellius.
