1650 2730
460 219 610 252 mmm
638 219 694 253 11.
757 218 801 254 0.
831 218 978 253 xvnl.

248 322 454 377 largiora
471 322 630 376 flagito,

305 389 422 430 Satis
438 389 590 429 beatus
609 387 749 429 unicis
765 387 951 430 Sabinis.

249 453 461 495 Truditur
478 453 570 493 dies
588 452 668 505 die,

306 518 542 571 Novaeque
559 524 744 572 pergunt
760 517 929 559 interim
946 517 1089 560 lunae.

250 582 328 624 Tu
346 582 534 624 secanda
552 596 766 624 marmora

304 648 445 690 Imus
463 649 546 689 sub
566 649 711 702 ipsum
730 648 875 701 fimus,
894 655 949 701 et,
968 647 1154 702 sepulcri

250 713 492 765 Immemor,
511 715 640 754 struis
659 713 820 766 domos,

306 778 526 832 Mas-isque
544 779 662 820 Baiis
680 779 958 833 obstrepentis
976 791 1104 832 urges

251 843 533 885 Summovere
552 844 685 896 litora,

306 908 467 949 Parum
485 909 675 962 locuples
694 910 938 950 continente
957 909 1062 963 ripa.

252 973 387 1026 Quid,
406 973 522 1026 quod
543 987 679 1027 usque
699 974 915 1027 proximos

308 1038 497 1078 Revellis
516 1040 608 1092 agri
628 1040 841 1091 terminos,
861 1046 904 1080 et
924 1039 1039 1079 ultra

253 1101 433 1143 Limitae
457 1103 680 1144 clientium

310 1167 426 1208 Salis
443 1180 602 1208 avarus
613 1168 633 1208 21
690 1168 868 1208 Pellitur
884 1174 1083 1222 paternos

254 1232 309 1272 In
328 1232 427 1271 sinu
446 1231 585 1272 ferens
603 1231 705 1271 deos

311 1296 372 1336 Et
390 1309 501 1337 uxor
518 1304 561 1337 et
579 1297 645 1336 vir
663 1296 939 1350 sordidosque
957 1303 1095 1338 natos.

257 1361 391 1403 Nulla
409 1362 559 1402 certior
576 1368 722 1403 tamen

310 1427 499 1480 Rapacis
519 1427 620 1468 Orci
639 1426 728 1467 fine
746 1426 960 1468 destinata

255 1491 372 1532 Aula
390 1491 568 1534 divitem
585 1499 733 1532 manet

311 1557 488 1598 Herum.
518 1557 643 1602 Quid
657 1557 771 1598 ultra
784 1557 924 1599 tendis
935 1557 956 1598 ’.Ι
983 1557 1138 1611 Aequa
1151 1557 1280 1599 tellus

255 1621 441 1674 Pauperi
458 1622 701 1669 recluditur,

312 1687 567 1740 Regumque
586 1688 741 1741 pueris,
759 1700 841 1729 nec
859 1688 1029 1730 satelles
1049 1688 1151 1730 Orci

257 1751 476 1793 Callidum
494 1753 748 1794 Ptomethea

312 1817 495 1858 Revexit
513 1831 619 1859 auro
636 1825 802 1872 captus.
859 1818 944 1860 Hic
962 1819 1197 1873 superbum

257 1881 498 1924 Tantalum
515 1890 645 1936 atque
665 1884 846 1925 Tantali

314 1948 461 1989 Genus
478 1955 667 2001 coercet3
694 1950 767 1990 hic
786 1949 928 1990 levare
947 1949 1148 1991 fimctum

265 2011 503 2066 Pauperem
524 2014 741 2055 laboribus

314 2077 504 2120 Vocatus
522 2087 655 2133 atque
674 2092 763 2121 non
781 2086 963 2121 vocatus
980 2079 1115 2122 audit.

1347 453 1399 495 15
