1612 2716
569 189 716 224 mm
745 189 780 223 1.
845 188 891 222 ι.
920 188 1008 221 xv·
1349 177 1446 226 265

565 389 850 429 EPISTOLA
891 387 982 427 XV.

373 532 447 559 An
485 530 911 559 c.NUMON1UM
953 529 1182 557 VALAM.

157 649 287 694 Quae
307 649 361 688 sit
381 647 518 687 hiems
539 646 695 696 Veliae,
719 645 834 698 quod
854 645 1033 695 coelum,
1059 644 1178 695 Vala,
1201 645 1379 695 Salerni,

101 715 303 759 Quorum
324 713 549 753 hominum
570 712 684 764 regio
703 718 745 751 et
763 710 904 763 qualis
925 711 1006 760 via,
1029 723 1130 750 narn
1152 710 1259 750 mihi
1280 709 1409 751 Baias

104 779 232 819 Musa
252 790 540 831 supervacuas
561 777 784 827 Antonius,
806 783 846 815 et
867 783 1009 815 tamen
1031 775 1114 815 illis

105 844 176 884 Me
197 843 298 884 facit
316 843 516 894 invisum,
538 842 679 895 gelida
699 854 802 882 cum
821 841 988 894 perluor
1008 839 1126 880 unda

104 909 184 949 Per
202 909 393 950 medium
414 908 560 961 frigus.
620 908 735 948 Sane
756 914 940 947 murteta
961 906 1155 958 relinqui,
1421 906 1450 947 5

105 974 316 1026 Dictaque
334 980 573 1014 cessantem
593 973 734 1013 nervis
754 972 908 1012 elidere
928 972 1126 1011 morbum

104 1037 282 1079 Sulfura
299 1038 524 1088 contemni,
546 1038 669 1077 vicus
691 1038 832 1090 gemit,
855 1036 1029 1076 invidus
1049 1036 1197 1087 aegris,

104 1102 198 1148 Qui
217 1109 348 1155 caput
366 1109 408 1142 et
427 1103 697 1141 stomachum
717 1114 952 1154 supponere
973 1100 1161 1140 fontibus
1181 1099 1343 1140 audent

105 1167 307 1218 Clusinis,
329 1166 574 1218 Gabiosque
595 1173 746 1218 petunt
765 1173 807 1204 et
827 1165 982 1218 frigida
1002 1177 1113 1204 rura.

106 1231 346 1272 Mutandus
366 1231 486 1271 locus
506 1237 580 1280 est,
602 1238 643 1269 et
662 1230 892 1269 diversoria
913 1237 1014 1269 nota
1395 1227 1451 1268 10

106 1296 467 1350 Praeteragendus
486 1308 636 1348 equus,
699 1295 803 1339 Quo
828 1293 967 1334 tendis
979 1294 998 1333 ’.ῑ
1042 1293 1140 1334 Non
1160 1292 1267 1333 mihi
1287 1293 1451 1333 Cumas

106 1361 188 1402 Est
207 1362 283 1401 iter
301 1367 379 1401 aut
398 1361 536 1410 Baias,
556 1360 681 1399 laeva
702 1359 996 1399 stomachosus
1017 1358 1187 1398 habena

107 1426 231 1467 Dicet
250 1439 391 1478 eques,
412 1425 488 1465 sed
507 1425 606 1477 equi
627 1424 789 1464 frenato
808 1431 872 1463 est
891 1424 1006 1463 auris
1029 1423 1075 1462 in
1093 1435 1235 1462 ore.—

107 1491 242 1544 Mnjor
260 1498 404 1531 utrum
423 1490 631 1543 populum
650 1488 852 1528 frumenti
871 1488 993 1540 copia
1013 1493 1171 1539 pascat,

107 1555 370 1596 Collectosne
389 1555 537 1595 bibant
557 1555 711 1594 imbres
732 1560 936 1606 puteosne
958 1564 1164 1605 perennes
1395 1551 1450 1593 15

107 1621 230 1673 Jugis
249 1633 387 1673 aquae
402 1632 575 1660 t—nam
592 1619 697 1659 vina
715 1618 823 1658 nihil
843 1630 980 1657 moror
999 1617 1114 1656 illius
1133 1629 1302 1656 orae.—

107 1684 224 1725 Rure
243 1697 337 1724 meo
357 1697 532 1737 possum
550 1683 723 1735 quidvis
743 1681 922 1735 perferre
943 1682 1140 1734 patique:
1194 1711 1196 1716 .

109 1748 178 1788 Ad
197 1761 312 1789 mare
331 1761 433 1789 cum
451 1749 562 1799 veni,
584 1759 838 1800 generosum
856 1754 898 1787 et
918 1747 1016 1786 lene
1035 1747 1212 1799 requiro,

109 1812 241 1858 Quod
259 1825 384 1852 curas
403 1813 558 1866 abigat,
578 1811 695 1864 quod
713 1825 815 1852 cum
834 1824 908 1864 spe
927 1811 1062 1851 divite
1082 1818 1229 1852 manet

109 1877 163 1917 In
183 1890 315 1917 venas
334 1877 612 1929 animumque
633 1890 789 1928 meum,
810 1877 925 1929 quod
948 1878 1077 1917 verba
1096 1878 1316 1930 ministret,
1391 1878 1450 1920 20

110 1941 244 1986 Quod
263 1954 332 1981 me
352 1942 555 1982 Lucanae
568 1944 775 1996 ⁸iuvenem
794 1942 1064 1982 commendet
1083 1943 1316 1984 amicae.—

109 2006 297 2046 Tractus
316 2013 408 2045 uter
426 2006 567 2058 plures
586 2006 757 2059 lepores,
778 2013 870 2046 uter
888 2006 1041 2046 educet
1061 2019 1195 2059 apros,

110 2071 219 2111 Utra
237 2071 373 2122 magis
392 2071 528 2123 pisces
546 2077 589 2111 et
607 2072 783 2111 echinos
803 2084 991 2123 aequora
1009 2071 1160 2123 celent,

112 2135 290 2187 Pinguis
309 2140 358 2174 ut
377 2134 475 2174 inde
493 2135 671 2176 domum
691 2137 852 2189 possim
871 2137 1134 2189 Phaeaxque
1154 2138 1318 2189 reverti,

112 2199 300 2240 Scribere
320 2204 361 2238 te
380 2199 512 2249 nobis,
532 2200 607 2239 tibi
626 2212 704 2240 nos
723 2201 942 2242 accredere
961 2214 1039 2254 par
1056 2208 1133 2242 est.
1393 2201 1450 2243 25

112 2263 322 2313 Maenius,
343 2269 393 2302 ut
411 2263 536 2303 rebus
555 2265 755 2304 maternis
774 2272 903 2318 atque
922 2267 1109 2319 paternis

112 2330 293 2371 Fortiter
310 2327 548 2381 absumptis
568 2329 760 2370 urbanus
778 2330 916 2383 coepit
933 2331 1091 2383 haberi,

567 2456 608 2488 Ε.
623 2467 675 2490 xv.
692 2456 743 2490 16.
757 2457 879 2549 ἐῶ
891 2469 1004 2499 aquae.
