1612 2716
582 172 795 207 mn
859 172 1024 206 xxx.
1376 156 1473 208 2⁶17

596 361 879 402 EPISTOLA
917 360 1010 401 XX.

502 483 582 511 An
621 483 874 510 LIBRUM
914 482 1106 510 SUUH.

244 591 529 632 Vertumnum
547 590 807 642 Janumque,
829 589 944 641 liber,
966 597 1155 643 spectare
1174 588 1346 641 videris,

189 655 359 698 Scilicet
375 644 426 696 ut
445 661 606 708 prostes
626 655 844 696 Sosiorum
863 655 1035 708 pumice
1055 654 1260 696 mundus.

191 721 331 763 Odisti
350 720 495 767 claves
514 727 556 760 et
575 727 696 774 grata
716 720 856 773 sigilla
875 719 1055 780 pudico:

191 777 348 827 Paucis
368 779 534 826 ostendi
554 786 702 838 gemis,
723 792 764 825 et
784 786 1032 826 communia
1052 785 1218 837 laudas,

192 852 290 893 Non
309 852 369 892 ita
389 851 586 892 nutritus.
646 851 780 904 Fuge,
800 864 887 903 quo
906 840 1162 891 descendere
1183 851 1324 904 gestis.
1458 851 1485 891 5

194 917 291 958 Non
310 917 387 956 erit
406 917 562 956 emisso
582 915 741 956 reditus
762 916 848 956 tibi.
906 916 1180 961 Quidmiser
1198 917 1267 969 egi
1279 916 1299 956 ’.ῑ

194 981 317 1026 Quid
338 981 486 1021 volui?
517 981 645 1033 dices,
667 981 740 1021 ubi
759 981 858 1033 quis
879 988 919 1021 te
940 981 1132 1033 laeserit3
1165 988 1206 1020 et
1227 982 1312 1021 scis

193 1047 244 1086 In
265 1046 390 1085 breve
410 1053 451 1085 te
471 1047 576 1098 cogi,
598 1060 700 1086 cum
720 1046 873 1099 plenus
893 1046 1069 1098 languet
1089 1054 1263 1086 amator.

194 1109 364 1155 Quodsi
385 1122 471 1150 non
490 1108 587 1150 odio
606 1111 821 1162 peccantis
841 1110 994 1163 desipit
1014 1123 1164 1163 augur,

195 1166 334 1215 Carus
353 1175 434 1214 eris
454 1175 628 1225 Romae,
650 1175 785 1214 donec
806 1182 846 1214 te
866 1175 1033 1214 deserat
1053 1182 1196 1227 aetas3
1433 1175 1488 1216 10

197 1241 494 1280 Contrectatus
515 1240 589 1280 ubi
609 1240 809 1279 manibus
829 1239 1067 1279 sordescere
1089 1240 1210 1292 vulgi

195 1305 403 1357 Coeperis,
425 1312 501 1344 aut
521 1305 657 1344 tineas
678 1317 826 1357 pasces
848 1305 1087 1344 taciturnus
1109 1305 1275 1354 inertes,

194 1369 284 1409 Aut
303 1368 442 1422 fugies
464 1370 634 1421 Uticam
653 1376 731 1409 aut
749 1370 921 1409 vinctus
940 1370 1118 1410 mitteris
1138 1369 1334 1410 Ilerdam.

195 1434 367 1476 Ridebit
386 1435 567 1475 monitor
586 1447 673 1474 non
692 1434 934 1486 exauditus,
956 1442 1005 1475 ut
1024 1435 1106 1486 ille,

196 1500 288 1544 Qui
309 1499 422 1539 male
442 1507 660 1553 parentem
680 1500 725 1540 in
745 1512 871 1552 rupes
891 1501 1090 1552 protrusit
1110 1499 1294 1541 asellum
1434 1499 1490 1541 15

196 1566 338 1606 Iratus
353 1580 362 1617 ;
376 1596 379 1598 -
393 1565 492 1618 quis
512 1566 628 1606 enim
646 1565 832 1610 invitum
852 1578 1019 1605 servare
1040 1565 1200 1606 laboret
1212 1565 1232 1606 '3

195 1630 291 1671 Hoc
310 1643 482 1683 quoque
501 1638 541 1670 te
561 1638 719 1682 manet,
741 1638 789 1671 ut
808 1624 961 1684 pueros
980 1631 1192 1672 elementa
1210 1631 1435 1688 docentem

197 1695 390 1748 Occupet
408 1697 608 1736 extremis
630 1697 673 1736 in
694 1696 800 1736 vicis
820 1696 948 1739 balba
968 1703 1179 1736 senectus.

198 1761 313 1800 Cum
332 1761 408 1802 tibi
428 1761 490 1801 sol
511 1761 679 1817 tepidus
699 1761 842 1814 plures
862 1761 1099 1801 admoverit
1118 1774 1255 1813 aures,

199 1827 271 1866 Me
290 1826 483 1866 libertino
502 1833 653 1867 natum
673 1834 790 1879 patre
809 1834 850 1866 et
870 1827 916 1867 in
935 1827 1054 1867 tenui
1073 1840 1117 1867 re
1433 1826 1491 1867 20

200 1891 382 1944 Majores
401 1903 564 1942 pennas
584 1891 686 1931 nido
705 1891 949 1932 extendisse
970 1892 1164 1944 loqueris,

199 1955 270 2006 Ut,
291 1962 503 2007 quantum
524 1956 667 2007 generi
686 1956 846 2006 demas,
867 1957 1096 2009 virtutibus
1115 1957 1277 1998 addas:

201 2021 273 2060 Me
292 2020 438 2079 primis
458 2021 574 2061 urbis
593 2021 695 2062 belli
714 2021 929 2074 placuisse
948 2020 1177 2076 doniique3

202 2085 396 2138 Corporis
415 2086 572 2139 exigui,
593 2099 866 2139 praecanam,
889 2087 1050 2140 solibus
1069 2095 1232 2141 aptum,

202 2150 334 2190 Irasci
352 2149 543 2201 celerem,
563 2158 710 2191 tamen
730 2159 778 2192 ut
797 2152 1019 2204 placabilis
1038 2166 1189 2207 essem.
1434 2152 1491 2193 25

205 2215 331 2254 Forte
350 2227 496 2254 meum
515 2215 552 2254 si
571 2216 669 2268 quis
688 2222 729 2255 te
748 2218 1060 2268 percontabitur
1079 2231 1250 2268 aevum,

206 2279 277 2319 Me
296 2285 446 2331 quater
465 2278 657 2319 undenos
677 2281 782 2331 sciat
801 2281 1043 2334 implevisse
1064 2282 1333 2332 Decembres,

207 2343 427 2396 Collegam
446 2342 658 2395 Lepidum
677 2357 763 2396 quo
781 2345 906 2385 duxit
925 2346 1091 2387 Lollius
1110 2359 1237 2387 anno·

445 2450 484 2483 Β.
500 2460 554 2484 xx.
570 2452 602 2483 5.
624 2452 796 2486 «imaeve.
892 2439 922 2486 7.
945 2455 1200 2494 maid-laeserit.
