1612 2716
166 352 244 395 *Et
260 351 424 393 fundus
442 364 522 391 nec
540 348 769 390 vendibilis
785 359 867 388 nee
884 358 1059 400 pascere
1076 343 1242 395 sumu&

184 419 279 464 Qui
297 417 411 468 dicit,
430 417 615 457 clamat·
646 414 820 455 Victum
836 412 963 453 date!
1019 410 1215 452 Suc-,cinit
1232 408 1364 450 alter:

132 536 135 537 ⁷
186 484 247 524 Et
265 483 371 524 mihi
389 481 567 522 dividuo
586 479 774 522 findetur
790 489 969 519 munere
986 476 1164 529 quadra.

187 547 449 590 Sedtacitus
466 546 585 600 pasci
604 546 989 598 sipoesetcorvus,
1008 541 1181 582 haberet
1421 538 1480 579 50

187 613 295 655 Plus
312 612 447 665 dapis,
467 619 511 652 et
529 612 648 651 rixae
666 609 804 651 multo
822 609 971 649 minus
988 607 1079 648 invi
1113 606 1120 613 ’
1207 617 1272 644 ue.

187 678 466 720 Brundisium
483 689 628 717 comae
646 682 724 716 aut
743 675 999 716 Surrentum
1017 672 1442 720 duetusamoenum,

187 745 281 790 Qui
300 744 491 797 queritur
508 742 699 783 salebras
715 749 759 782 et
776 741 979 781 acerbum
996 739 1133 792 frigus
1151 743 1196 779 et
1213 737 1382 787 imbroe,

188 810 277 850 Aut
295 810 449 849 cistam
467 807 689 848 effractam
706 814 751 847 et
768 805 983 846 subducta
1001 804 1161 844 viatica
1178 802 1327 856 plorat,

189 874 303 916 Nota
321 873 444 914 refert
462 873 695 913 meretricis
712 871 927 921 acumina,
949 882 1077 922 saepe
1094 867 1301 909 catellam
1424 865 1482 906 55

190 939 327 991 Saepe
345 937 638 991 periscelidem
654 943 823 989 raptam
841 935 923 976 sibi
941 934 1096 985 flentis,
1116 933 1181 974 uu'
1199 944 1305 973 mox

192 1003 326 1044 Nulla
342 1003 451 1043 fidoe
468 1003 640 1043 damnis
658 1002 856 1054 verisque
874 1000 1090 1040 doloribus
1109 998 1234 1038 adsit.

193 1067 285 1109 Nec
304 1067 436 1107 semel
454 1067 603 1107 irrisus
620 1067 756 1107 triviis
774 1065 965 1106 attollere
983 1070 1106 1104 curat

194 1133 351 1174 Fracto
369 1144 490 1172 cmre
508 1132 714 1184 planum3
743 1131 844 1171 licet
860 1130 925 1170 illi
942 1129 1129 1182 plurima
1147 1132 1295 1167 manet
1433 1164 1436 1166 ,

194 1197 406 1246 Lacrima,
426 1208 501 1248 per
518 1202 719 1235 sanetum
731 1186 903 1248 juratus
921 1193 1038 1233 dicat
1057 1191 1242 1232 Osirim:
1428 1188 1487 1231 δῦ

194 1262 374 1312 Credite,
395 1274 484 1302 non
502 1260 630 1312 lud03
660 1259 866 1309 crudeles
886 1258 1020 1298 tollite
1037 1256 1255 1297 claudum.

194 1327 370 1372 Quaere
389 1326 670 1380 peregrinum,
691 1325 851 1366 vicinia
869 1336 1003 1364 rauca
1019 1322 1237 1363 reclamat.

577 1680 863 1721 EPISTOLA
895 1678 1064 1718 XVIII.

623 1812 695 1839 AD
732 1810 1008 1840 LOLLIUH.

254 1927 302 1968 Si
320 1928 430 1967 bene
447 1933 490 1967 te
507 1929 621 1978 novi,
641 1934 819 1978 metum,
837 1926 1048 1967 liberrime
1065 1925 1191 1977 Lolli,

201 1993 443 2034 Scurrantis
462 1993 648 2046 speciem
666 1993 876 2046 praebere,
895 1990 1112 2044 professus
1131 1989 1334 2032 amicum.

201 2059 261 2100 Ut
279 2066 474 2100 matrona
491 2058 699 2099 meretrici
719 2057 865 2111 dispar
882 2057 960 2097 erit
978 2063 1110 2111 atque

203 2123 407 2174 Discolor,
426 2123 561 2164 infido
579 2136 749 2164 scurrae
768 2122 942 2163 distabit
959 2122 1139 2162 amicus.

203 2188 284 2229 Est
302 2188 406 2228 huic
423 2187 641 2228 diversum
661 2188 763 2228 vitio
781 2188 936 2228 vitium
955 2199 1083 2240 prope
1102 2186 1255 2240 majus
1460 2184 1489 2226 5

202 2253 420 2306 Asperitas
438 2253 616 2305 agrestis
632 2259 675 2292 et
693 2253 952 2297 inconcinna
971 2251 1210 2306 gravisque,

202 2319 333 2363 Quae
353 2330 399 2357 se
417 2318 691 2358 commendat
708 2323 833 2357 tonsa
849 2323 960 2366 cute,
979 2317 1180 2357 dentibus
1199 2315 1312 2365 atri&

204 2383 324 2423 Dum
342 2381 437 2422 vult
455 2381 625 2422 libertas
643 2382 728 2422 dici
746 2395 863 2423 mera
882 2395 1068 2435 veraque
1088 2382 1233 2421 virtus.

203 2447 348 2488 Virtus
365 2453 430 2487 ωε
447 2445 641 2488 medium
657 2447 859 2488 vitiorum
875 2454 920 2488 et
936 2447 1138 2499 utrinque
1155 2443 1392 2484 reductum.
