1612 2716
583 194 662 234 -ms
691 199 824 235 Am
851 200 1071 237 Pomm.
1403 180 1502 244 299

162 302 423 359 Antiphaten
434 303 718 358 Scyllamque
736 311 780 344 et
796 317 899 346 cum
917 305 1107 360 Cyclope
1125 306 1402 364 Charybdim
1419 311 1503 353 145

159 368 251 410 Nec
267 369 453 411 reditum
471 370 694 410 Diomedis
712 371 769 410 ab
786 370 1193 426 interitufllieleagri,
1538 418 1540 421 ,

158 432 249 474 Nec
268 435 439 487 gemino
458 434 621 474 bellum
640 435 879 489 Trojanum
898 435 1060 477 orditur
1077 438 1134 478 ab
1151 450 1262 491 ovo;

155 498 335 552 Semper
351 498 410 538 ad
428 506 633 539 eventum
651 499 834 551 festinat,
854 507 897 541 et
915 501 960 541 in
979 501 1144 542 medias
1162 515 1241 554 ιω,

158 563 257 604 Non
276 576 402 604 secus
420 576 473 603 ac
491 571 627 615 notas,
649 564 885 605 auditorem
906 567 1025 619 rapit,
1045 574 1088 606 et
1105 580 1219 620 quae

157 628 366 681 Doeperat
383 635 562 669 tractata
581 629 784 670 nitescere
804 643 937 683 posse,
959 632 1172 685 relinquit,
1418 634 1501 675 150

156 694 299 746 Atque
317 694 378 734 ita
396 695 608 745 mentitur,
631 695 692 735 sic
711 696 823 735 veris
842 695 952 736 falsa
970 698 1176 750 remiscet,

156 758 299 799 Primo
317 769 372 800 ne
391 759 592 811 medium,
613 760 753 800 medio
771 774 827 801 ne
846 761 1053 815 discrepet
1072 764 1222 804 imum.

158 822 243 875 Tu,
262 825 366 877 quid
385 838 465 878 ego
482 832 525 866 et
543 826 727 879 populus
747 839 919 867 mecum
938 827 1157 880 desideret,
1178 829 1295 871 audi.

157 890 206 931 Si
224 890 434 943 plausoris
452 904 552 945 eges
571 891 726 932 aulaea
745 893 971 944 manentis,
992 901 1035 934 et
1054 907 1192 946 usque

157 955 337 1007 Sessuri,
357 955 493 997 donec
513 963 671 1008 cantor,
694 958 780 997 Vos
798 958 999 1011 plaudite,
1021 959 1147 1011 dicat,
1420 961 1502 1003 155

157 1021 321 1060 Aetatis
339 1022 547 1074 quusque
568 1022 744 1062 notandi
763 1030 864 1063 stmt
883 1024 958 1063 tibi
978 1037 1127 1076 mores,

159 1085 475 1138 Mobilibusque
493 1086 619 1126 decor
637 1088 799 1127 naturis
818 1088 990 1128 dandus
1009 1097 1050 1128 et
1070 1090 1208 1129 annis.

150 1149 353 1190 Reddere
370 1151 446 1203 qui
466 1163 593 1190 voces
607 1152 698 1204 jam
718 1152 797 1191 scit
814 1165 931 1204 puer,
952 1159 994 1192 et
1011 1153 1119 1205 pede
1138 1160 1252 1193 certo

158 1214 312 1267 Signat
329 1215 525 1265 humum,
547 1216 671 1267 gestit
690 1216 864 1268 paribus
883 1217 1107 1268 colludere,
1128 1225 1171 1257 et
1189 1218 1299 1259 iram

159 1279 332 1332 Colligit
353 1293 404 1319 ac
424 1281 540 1332 ponit
561 1288 727 1330 temere,
747 1287 792 1320 et
808 1288 1001 1320 mutatur
1018 1282 1063 1321 in
1083 1282 1221 1322 horas.
1419 1284 1503 1326 160

157 1344 363 1385 Imbcrbis
376 1345 559 1398 juvenis,
580 1344 756 1384 tandem
774 1345 951 1385 custode
970 1353 1141 1397 remoto,

157 1409 329 1450 Gaudet
346 1410 468 1462 equis
486 1411 754 1462 canibusque
771 1417 814 1450 et
832 1412 963 1463 aprici
982 1413 1173 1464 gramine
1192 1413 1345 1468 campi,

152 1474 316 1516 Cereus
336 1475 381 1515 in
399 1476 554 1515 vitium
573 1475 698 1526 flecti,
719 1476 996 1516 monitoribus
1015 1490 1149 1530 asper,

157 1539 340 1581 Utilium
359 1540 506 1580 tardus
525 1541 724 1593 provisor,
745 1540 947 1594 prodigus
967 1542 1089 1593 aeris,

155 1605 362 1646 Sublimis
380 1605 648 1658 cupidusque
667 1612 710 1645 et
728 1613 874 1646 amata
892 1607 1129 1659 relinquere
1146 1608 1310 1661 pernix.
1417 1610 1499 1651 165

157 1671 384 1711 Conversis
404 1671 556 1711 studiis
575 1678 693 1711 aetas
713 1672 971 1725 animusque
989 1673 1123 1713 virilis

157 1733 341 1780 Quaerit
358 1749 460 1789 opes
479 1743 521 1776 et
540 1737 761 1787 amicitias,
782 1738 956 1778 inservit
976 1738 1137 1789 honori,

155 1801 430 1840 Commisisse
448 1808 583 1852 cavet,
603 1802 720 1854 quod
738 1815 844 1843 mox
863 1811 1029 1844 mutare
1052 1805 1222 1845 laboret.

157 1864 297 1904 Multa
316 1878 463 1905 senem
480 1867 822 1907 circumveniunt
841 1869 1132 1921 incommoda;
1164 1870 1232 1910 vel
1252 1870 1370 1923 quod

156 1929 349 1979 Quaerit,
369 1936 412 1968 et
429 1930 613 1970 inventis
632 1932 760 1971 miser
778 1933 962 1973 abstinet
985 1947 1036 1973 ac
1057 1935 1176 1974 timet
1196 1935 1273 1987 uti,
1415 1935 1499 1976 170

157 1993 236 2032 Vel
255 1993 369 2045 quod
387 2007 454 2033 res
472 2007 623 2034 omnes
641 1996 788 2035 timide
808 1997 1031 2049 gelideque
1050 1999 1275 2052 ministrat,

158 2057 332 2108 Dilator‚
354 2071 427 2111 spe
446 2059 612 2112 longus,
633 2061 755 2112 iners,
777 2061 1016 2115 avidusque
1036 2063 1180 2116 futuri,

158 2121 366 2173 Difficilis,
386 2125 600 2175 querulus,
622 2125 817 2166 laudator
835 2128 1033 2180 temporis
1051 2130 1136 2170 acti

157 2187 214 2228 Se
232 2199 373 2239 puero,
393 2189 621 2241 castigator
637 2204 870 2245 censorque
888 2194 1115 2237 minorum.

157 2251 299 2292 Multa
316 2251 456 2292 ferunt
475 2255 579 2294 anni
599 2257 814 2296 venientes
833 2258 1059 2298 commoda
1078 2272 1238 2311 secum,
1415 2260 1496 2301 1⁷5

158 2315 298 2355 Multa
316 2316 558 2356 recedentes
577 2318 784 2360 adimunt.
842 2321 908 2361 Ne
927 2321 1031 2362 forte
1050 2322 1206 2364 seniles

181 2465 253 2498 157.
277 2467 420 2499 mura
507 2467 580 2499 1⁷2.
601 2477 658 2508 q»
672 2469 790 2507 ient-2
803 2470 844 2503 aa
858 2473 960 2513 «πῃ-η·
981 2472 1061 2504 aa.
1077 2471 1319 2511 ptvidunqne—
1331 2470 1373 2502 a·
1387 2472 1474 2514 ms.
