1612 2716
150 186 249 234 250
657 197 997 231 mmromaon

206 305 441 345 Curantem
460 301 670 355 quidquid
692 302 874 355 dignum
895 303 1085 356 sapiente
1103 303 1300 356 bonoque
1318 302 1416 344 est?
1471 303 1499 345 5

205 370 302 411 Non
324 377 370 409 tu
390 382 542 422 corpus
563 382 656 408 eras
677 370 768 409 sine
789 376 978 422 pectore:
1009 369 1054 410 di
1074 370 1149 410 tibi
1169 369 1363 422 formam,

206 435 264 475 Di
285 435 359 475 tibi
379 434 550 475 divitias
571 434 789 486 dederunt,
812 443 1031 488 artemque
1051 434 1232 476 fruendi.

206 499 329 546 Quid
350 509 503 540 voveat
523 500 639 540 dulci
660 501 875 541 nutricula
896 503 1036 555 majus
1056 501 1245 554 alumno,

206 566 297 611 Qui
319 579 463 619 sapere
484 573 526 606 et
545 565 624 606 fari
644 567 775 619 possit
795 580 906 619 quae
927 568 1092 618 sentiat,
1115 574 1157 608 et
1175 568 1248 609 cui

206 631 365 682 Gratia,
387 630 515 683 fama,
538 631 740 671 valetudo
760 633 979 685 contingat
998 633 1182 684 abunde,
1450 633 1502 673 10

207 697 266 737 Et
287 696 478 737 mundus
499 697 651 748 victus,
674 710 760 737 non
781 697 1003 738 deficiente
1023 698 1260 740 crumenas?

208 763 322 803 Inter
341 776 460 816 spem
481 776 725 816 curamque,
747 764 917 803 timores
937 763 1046 804 inter
1064 770 1106 804 et
1126 764 1220 815 iras,

207 829 393 869 Omnem
413 829 535 869 crede
556 828 670 869 diem
690 829 765 869 tibi
786 829 997 869 diluxisse
1018 842 1280 883 supremum.

207 895 339 934 Grata
360 895 639 948 superveniet,
661 908 773 948 quae
793 908 880 935 non
901 896 1146 948 sperabitur,
1168 896 1284 936 hora.

207 959 278 999 Me
299 960 504 1012 pinguem
524 968 564 1000 et
585 960 771 1001 nitidum
795 961 899 1000 bene
919 968 1068 1001 curata
1088 968 1186 1002 cute
1206 961 1332 1014 vises,
1447 962 1501 1004 15

208 1026 322 1066 Cum
343 1025 476 1065 ridere
497 1026 614 1066 voles
635 1026 811 1079 Epicuri
831 1026 884 1066 de
906 1039 1031 1080 grege
1051 1039 1240 1080 porcum.

644 1395 929 1436 EPISTOLA
965 1395 1014 1435 V.

552 1527 628 1552 AD
670 1527 1098 1556 TORQUATUM.

259 1642 305 1682 Si
326 1650 443 1694 potes
464 1643 686 1682 Archiacis
706 1643 891 1682 conviva
911 1643 1153 1682 recumbere
1175 1642 1304 1694 lectis,

203 1705 293 1746 Nec
315 1707 484 1746 modica
504 1720 681 1746 coenare
703 1708 825 1746 times
846 1707 940 1746 olus
961 1720 1087 1746 omne
1109 1708 1276 1759 patella,

202 1771 409 1823 Supremo
430 1779 469 1810 te
491 1771 577 1810 sole
598 1771 725 1822 domi,
749 1771 978 1822 Torquate,
1002 1773 1193 1812 manebo.

203 1837 313 1876 Vina
334 1837 461 1888 bibes,
485 1838 637 1877 iterum
658 1837 809 1877 Tauro
829 1836 985 1876 diffusa
1006 1838 1214 1889 palustres

202 1902 316 1942 Inter
337 1902 579 1942 Minturnas
601 1902 1000 1954 Sinuessanumque
1023 1903 1253 1944 Petrinum.
1466 1906 1494 1947 5

201 1968 247 2008 Si
269 1967 422 2007 melius
442 1967 547 2020 quid
569 1968 712 2018 habes,
735 1979 910 2018 arcesse,
934 1968 1001 2007 vel
1023 1968 1248 2021 imperium
1269 1970 1341 2011 fer.

200 2032 468 2073 Iamdudum
489 2032 680 2086 splendet
701 2031 821 2072 focus
842 2038 883 2072 et
903 2033 977 2072 tibi
998 2034 1162 2074 munda
1183 2035 1387 2088 supellex.

201 2098 322 2137 Mitte
344 2098 458 2138 leves
480 2112 587 2151 spes,
609 2104 650 2138 et
670 2098 902 2137 certamina
923 2098 1179 2152 divitiarum,

201 2163 259 2204 Et
280 2164 445 2204 Moschi
466 2177 658 2205 causam.
718 2164 822 2204 Cras
843 2171 944 2204 nato
966 2165 1149 2206 Caesare
1170 2165 1303 2208 festus

199 2229 287 2270 Dat
308 2230 479 2270 veniam
499 2242 783 2281 somnumque
803 2229 917 2270 dies:
949 2231 1123 2284 impune
1144 2232 1284 2273 licebit
1435 2233 1488 2273 10

198 2295 419 2336 Aestivam
439 2307 630 2335 sermone
651 2295 834 2347 benigno
856 2296 1025 2336 tendere
1046 2304 1225 2338 noctem.

197 2362 301 2406 Quo
321 2361 425 2401 mihi
446 2360 671 2412 fortunam,
693 2361 729 2400 si
749 2373 835 2401 non
855 2362 1100 2403 conceditur
1120 2363 1214 2404 uti?

194 2491 231 2524 Β.
247 2501 278 2524 v.
296 2491 326 2524 6.
352 2492 420 2524 Sin.
511 2490 561 2524 12.
586 2461 848 2531 Quo-fortuna,
871 2491 1147 2533 Quid-fortuna3
1169 2492 1442 2532 Quo—formum
