1612 2716
561 202 772 237 n-r.
836 202 948 236 ιι.
1329 188 1427 240 243

135 309 267 352 Nunc
285 308 411 363 agilis
430 308 499 359 fio,
519 315 562 348 et
580 320 739 348 mersor
755 307 954 348 civilibus
975 307 1114 360 undis,

136 374 314 416 Virtutis
332 387 459 414 verae
478 381 622 414 custos
642 372 888 426 rigidusque
909 373 1103 426 satelles;

135 439 266 481 Nunc
285 439 329 480 in
350 439 551 491 Aristippi
572 437 717 478 furtim
737 446 959 491 praecepta
979 438 1152 490 relabor,
1199 479 1202 482 Α

136 504 197 546 Et
215 505 322 545 mihi
341 517 418 554 τω,
440 517 527 544 non
547 516 616 543 me
636 504 762 543 rebus
782 503 1038 557 subiungere
1056 516 1196 544 conor.

136 569 197 611 Ut
214 581 302 610 nox
322 569 461 621 longa,
481 569 640 621 quibus
659 569 863 608 mentitur
882 569 1034 619 amica,
1055 569 1232 622 diesque
1371 569 1429 610 20

136 634 276 676 Lenta
294 633 461 674 videtur
478 646 586 686 opus
606 634 883 686 debentibus;
915 642 964 674 ut
983 635 1100 687 piger
1115 640 1262 675 annus

137 699 328 753 Pupillis,
348 711 458 752 quos
477 699 585 739 dura
605 699 757 752 premit
774 699 971 739 custodia
992 708 1205 741 matrum:

136 765 210 807 Sic
227 765 336 805 mihi
354 764 477 805 tarda
495 763 639 804 fluunt
658 765 911 817 ingrataque
931 772 1133 818 tempora,
1157 778 1270 818 quae
1291 777 1411 819 spem

137 829 462 882 Consiliumque
481 836 703 870 morantur
722 829 879 883 agendi
899 831 1094 883 gnaviter
1112 830 1167 882 id,
1188 830 1305 883 quod

138 895 287 948 Aeque
306 895 564 948 pauperibus
583 894 762 948 prodest,
784 895 1067 948 locupletibus
1086 909 1234 948 aeque,
1374 895 1431 936 25

138 959 288 1012 Aeque
306 959 550 1013 neglectum
569 961 711 1013 pueris
730 961 990 1013 senibusque
1008 961 1188 1001 nocebit.

138 1024 300 1075 Restat,
320 1031 370 1064 ut
386 1024 456 1064 his
474 1037 553 1077 ego
573 1038 642 1065 me
662 1026 751 1078 ipse
771 1039 918 1079 regam
938 1026 1133 1078 solerque
1151 1026 1386 1067 elementis.

140 1089 240 1130 Non
259 1089 395 1142 possis
414 1089 539 1128 oculo
556 1097 770 1141 quantum
788 1090 1043 1130 contendere
1063 1091 1291 1143 Lynceus;

140 1155 242 1196 Non
260 1160 406 1194 tamen
426 1152 581 1193 idcirco
599 1161 849 1194 contemnas
871 1155 1011 1207 lippus
1032 1156 1208 1209 inungi3

140 1219 245 1269 Nec,
265 1218 369 1270 quia
388 1216 583 1269 desperes
603 1217 751 1257 invicti
770 1219 962 1258 membra
980 1219 1199 1271 Glyconis,
1377 1218 1435 1260 30

142 1283 317 1326 Nodosa
335 1294 487 1334 corpus
507 1281 618 1321 nolis
638 1282 858 1334 prohibere
878 1283 1098 1335 cheragra.

142 1349 226 1390 Est
243 1346 434 1400 quadam
453 1345 616 1398 prodire
637 1354 774 1397 tenus,
791 1347 828 1386 si
847 1359 933 1387 non
954 1347 1081 1388 datur
1098 1348 1222 1389 ultra.

143 1415 301 1456 Fervet
321 1413 499 1453 avaritia
519 1412 756 1464 miseroque
776 1412 976 1466 cupidine
995 1420 1167 1466 pectus:

145 1480 259 1521 Sunt
276 1479 407 1518 verba
425 1484 468 1517 et
486 1489 623 1528 voceS,
643 1478 801 1529 quibus
821 1478 939 1518 hunc
960 1478 1091 1519 lenire
1109 1478 1300 1521 dolorem

145 1543 302 1594 Possis,
322 1549 365 1583 et
383 1555 589 1595 magnam
607 1543 743 1583 morbi
761 1542 969 1596 deponere
989 1551 1166 1597 partem.
1380 1545 1438 1586 35

144 1608 310 1651 Laudis
329 1620 472 1648 amore
490 1614 631 1647 tumes
648 1622 658 1647 τ
692 1615 794 1648 sunt
812 1615 927 1648 certa
946 1609 1131 1662 piacula,
1152 1622 1264 1663 quae
1284 1616 1327 1651 te

147 1674 238 1715 Ter
254 1685 359 1727 pure
378 1672 487 1712 lecto
506 1679 703 1725 poterunt
721 1686 907 1714 recreare
926 1674 1080 1714 libello.

146 1738 341 1788 Invidus,
362 1737 607 1788 iracundus,
628 1738 751 1789 iners,
772 1739 960 1790 vinosus,
983 1746 1160 1791 amator,

147 1803 287 1845 Nemo
306 1802 412 1842 adeo
432 1801 547 1842 ferus
565 1809 640 1854 est,
661 1810 710 1843 ut
728 1816 815 1844 non
834 1805 1053 1844 mitescere
1072 1805 1215 1857 possit,

150 1867 344 1910 simodo
362 1866 555 1916 culturae
575 1869 807 1920 patientem
825 1869 1066 1910 commodet
1085 1882 1247 1911 aurem.
1383 1868 1442 1910 40

151 1928 297 1973 Virtus
315 1937 380 1970 est
398 1931 551 1971 vitium
572 1932 728 1984 fugere,
749 1942 791 1973 et
810 1935 1018 1986 sapientia
1037 1934 1174 1986 prima

153 1995 344 2038 Stultitia
361 1996 560 2053 caruisse.
618 1996 760 2047 Vides,
781 2010 893 2049 quae
912 1998 1106 2038 maxima
1124 1998 1261 2038 credis

155 2061 266 2102 Esse
283 2059 411 2110 mala,
431 2060 640 2112 exiguum
657 2073 837 2102 censum
857 2069 1107 2115 turpemque
1127 2062 1355 2115 repulsam,

119 2174 121 2177 Ι
157 2126 337 2170 Quanto
355 2124 517 2164 devites
536 2126 669 2166 animi
688 2126 924 2179 capitisque
944 2126 1109 2179 labore;

160 2192 344 2244 Impiger
362 2198 572 2231 extremos
590 2192 723 2231 curris
742 2199 948 2231 mercator
966 2191 1022 2231 ad
1042 2191 1183 2243 Indos,
1389 2190 1445 2230 45

162 2255 243 2295 Per
261 2267 376 2294 mare
394 2255 640 2307 pauperiem
657 2254 838 2307 fugiens,
862 2268 936 2308 per
954 2269 1073 2306 saxa,
1094 2269 1168 2308 per
1188 2256 1333 2308 ignes:

162 2321 230 2363 Ne
248 2331 371 2359 cures
390 2331 453 2369 ea,
473 2331 584 2371 quae
604 2319 732 2359 stulte
749 2321 914 2359 miraris
933 2328 975 2360 et
993 2327 1125 2372 opum,

165 2384 340 2425 Discere
359 2389 401 2423 et
419 2382 566 2423 audire
584 2389 627 2422 et
644 2383 806 2423 meliori
824 2384 991 2423 credere
1011 2396 1098 2423 non
1118 2384 1184 2421 vis
1195 2382 1215 2421 ‘3

167 2448 283 2494 Quis
314 2448 476 2489 circum
494 2460 627 2501 pagos
644 2454 687 2488 et
704 2449 867 2490 circum
883 2449 1075 2500 compita.
1086 2458 1277 2499 pugnax,
