1650 2730
537 166 751 200 LIBERI.
817 167 1028 201 amv.

420 269 649 313 Dimovere
667 270 860 323 lacertae,

477 336 537 377 Et
555 336 680 377 eorde
699 336 941 390 et'genibus
961 335 1114 378 tremit·

365 466 499 519 Atqui
518 479 605 507 non
623 479 702 520 ego
722 472 763 507 te
781 466 900 520 tigris
918 473 968 507 ut
986 479 1148 520 aspera,

367 531 634 573 Gaetulusve
654 531 730 584 leo,
751 531 944 585 frangere
962 544 1214 586 persequor:

422 596 625 638 Tandem
644 596 790 638 desine
809 603 991 638 matrem

476 662 758 716 Tempestiva
775 662 897 716 sequi
916 662 1019 704 viro.

570 1026 810 1067 GARMEN
838 1026 998 1066 XXIV.

313 1154 388 1182 AD
436 1154 484 1183 P.
527 1155 881 1183 VIRGILIUM
930 1156 1259 1185 HABONI-:u-

314 1270 430 1315 Quis
450 1269 655 1310 desiderio
675 1270 730 1310 sit
747 1270 883 1323 pudor
902 1277 979 1310 aut
996 1270 1152 1312 modus

310 1335 429 1377 Tam
448 1335 535 1376 cari
553 1336 704 1389 eapitis
718 1337 738 1376 21
794 1336 995 1389 Praecipe
1014 1336 1217 1390 lugubres

311 1400 488 1453 Canum,
510 1401 790 1454 Melpomene,
811 1402 883 1442 cui
902 1401 1111 1454 liquidam
1130 1402 1257 1444 Pater

366 1468 526 1510 Vocem
544 1480 647 1508 cum
665 1467 830 1508 cithara
848 1466 976 1507 dedit.

308 1598 425 1652 Ergo
443 1597 732 1643 Quinctilium
749 1603 978 1650 perpetuus
999 1609 1122 1651 sopor

309 1663 471 1717 Urget‘3
500 1663 573 1704 cui
592 1662 738 1716 pudor,
759 1669 802 1702 et
814 1662 1003 1717 justitiae
1023 1675 1137 1704 soror

308 1728 558 1781 Incorrupta
576 1727 695 1779 fides,
716 1727 921 1780 nudaque
940 1728 1108 1780 veritas,

363 1793 555 1839 Quando
573 1793 715 1835 ullum
732 1793 921 1834 inveniet
938 1793 1116 1847 parem'.1

310 1922 461 1964 Multis
481 1922 553 1963 ille
571 1923 694 1964 bonis
713 1922 866 1963 flebilis
885 1922 1039 1963 occidit
1056 1937 1066 1964 ε

311 1986 434 2028 Nulli
452 1987 639 2040 flebilior,
660 2001 794 2041 quam
812 1988 899 2042 tibi,
921 1987 1082 2041 virgili.

311 2052 388 2094 Tu
410 2052 566 2093 frustra
583 2054 680 2106 pius
699 2054 787 2094 heu
806 2065 893 2094 non
914 2053 974 2094 ita
993 2053 1204 2095 creditum

367 2118 513 2159 Poscis
532 2119 822 2164 Quinctilium
842 2117 955 2159 deos.

313 2244 483 2290 Quodsi
501 2247 703 2288 Threicio
721 2247 923 2288 blandius
945 2247 1116 2301 Orpheo

314 2309 519 2352 Auditam
536 2312 750 2353 moderere
769 2313 987 2353 arboribus
1007 2312 1149 2363 fidem,

376 2437 416 2472 c.
430 2440 515 2472 xxiv.
529 2440 561 2473 8.
575 2442 751 2474 invenient.
955 2441 1007 2474 13.
1031 2439 1139 2478 Quid?
1159 2440 1197 2471 εἰ.

1404 533 1459 574 10

1400 1988 1456 2029 10
