1650 2730
594 147 806 181 mmr.
871 146 1013 180 0.x1.
1408 133 1473 183 1³

351 251 475 298 Quin
494 257 536 292 et
554 250 738 302 Atridas,
759 249 869 291 duce
888 256 941 302 te,
963 250 1167 303 superbos

349 316 429 358 Ilio
446 316 567 357 dives
588 316 784 356 Priamus
803 315 946 356 relicto
1148 356 1153 361 ,

349 381 670 434 Thessalosque
691 382 811 434 ignes
831 387 874 422 et
892 380 1042 434 iniqua
1061 379 1218 434 'I'roJae
1416 379 1470 419 15

462 447 614 488 Castra
632 446 792 487 fefellit.

349 577 426 619 Tu
445 577 537 631 pias
557 577 679 618 laetis
699 577 867 618 animas
886 575 1053 630 repouis

349 642 546 690 Sedibus,
566 642 771 696 virgaque
791 642 930 682 levem
948 653 1116 682 coerces

349 709 493 749 Aurea
511 707 692 759 turbam,
713 707 876 761 superis
895 706 1074 748 deorum

460 774 618 815 Gratus
637 780 679 814 et
697 773 808 814 imis.
1204 774 1214 783 “
1415 770 1474 811 20

620 1160 858 1200 GARMEN
903 1160 979 1199 XI.

533 1299 611 1327 An
655 1299 1068 1342 Leucononu.

131 1428 207 1469 Tu
226 1440 279 1468 ne
299 1427 539 1480 quaesieris,
562 1427 667 1466 scire
687 1426 819 1478 nefas,
840 1439 971 1479 quem
990 1426 1108 1477 mihi,
1129 1438 1260 1478 quem
1279 1427 1352 1467 tibi

131 1493 285 1533 Finem
304 1492 349 1533 di
368 1492 568 1544 dederint,
589 1492 823 1543 Leuconoe,
844 1505 923 1532 nec
943 1491 1202 1544 Babylonios

131 1558 332 1598 Tentaris
351 1571 560 1598 numeros.
618 1556 678 1598 Ut
697 1557 862 1608 melius,
883 1556 1094 1610 quidquid
1113 1557 1201 1608 erit,
1222 1557 1310 1610 pati
1328 1557 1338 1597 !

131 1623 219 1665 Seu
239 1623 380 1676 plures
399 1623 572 1674 hiemes,
594 1635 671 1663 seu
691 1623 835 1662 tribuit
854 1623 1019 1675 Jupiter
1038 1622 1247 1674 ultimam,

131 1688 261 1733 Quae
280 1701 396 1728 nunc
416 1689 616 1741 oppositis
636 1688 827 1728 debilitat
846 1688 1090 1740 pumicibus
1110 1701 1227 1727 mare
1445 1688 1474 1730 5

132 1753 432 1806 Tyrrhenum:
464 1754 616 1806 sapias,
638 1754 740 1793 vina
760 1753 910 1805 liques,
931 1760 974 1793 et
993 1753 1130 1806 spatio
1151 1753 1267 1793 brevi
1349 1801 1357 1808 .

132 1817 261 1870 Spem
282 1817 453 1871 longam
472 1831 646 1858 reseces.
705 1818 826 1858 Dum
845 1818 1069 1870 loquimur,
1090 1818 1244 1871 fugerit
1263 1818 1412 1859 invida

132 1882 274 1924 Aecus.
332 1883 468 1937 Carpe
487 1878 613 1935 diem,
634 1896 768 1936 quam
787 1883 1018 1924 minimum
1036 1884 1211 1925 credula
1229 1891 1404 1938 postero.

347 2013 385 2047 C.
399 2015 443 2046 xi.
460 2016 488 2047 1.
511 2015 683 2054 quaesieris
695 2015 788 2052 scire,
801 2013 902 2046 nefas.
1076 2016 1109 2048 4.
1131 2015 1258 2048 tribuet.
