<?xml version="1.0" encoding="UTF-8"?>
<!DOCTYPE html PUBLIC "-//W3C//DTD XHTML 1.0 Transitional//EN"
    "http://www.w3.org/TR/xhtml1/DTD/xhtml1-transitional.dtd">
<html xmlns="http://www.w3.org/1999/xhtml" xml:lang="en" lang="en">
 <head>
  <title>
</title>
<meta http-equiv="Content-Type" content="text/html;charset=utf-8" />
  <meta name='ocr-system' content='tesseract 3.04.00' />
  <meta name='ocr-capabilities' content='ocr_page ocr_carea ocr_par ocr_line ocrx_word'/>
</head>
<body>
  <div class='ocr_page' id='page_1' title='image "./workswithenglis00horauoft_0129.png"; bbox 0 0 1650 2730; ppageno 0'>
   <div class='ocr_carea' id='block_1_1' title="bbox 500 183 973 222">
    <p class='ocr_par' dir='ltr' id='par_1_1' title="bbox 500 183 973 222">
     <span class='ocr_line' id='line_1_1' title="bbox 500 183 973 222; baseline 0 0"><span class='ocrx_word' id='word_1_1' title='bbox 500 183 737 222; x_wconf 69' lang='lat' dir='ltr'>lssffiBHL</span> <span class='ocrx_word' id='word_1_2' title='bbox 795 186 973 222; x_wconf 61' lang='lat' dir='ltr'><strong>Q¹HE</strong></span> 
     </span>
    </p>
   </div>
   <div class='ocr_carea' id='block_1_2' title="bbox 545 384 946 426">
    <p class='ocr_par' dir='ltr' id='par_1_2' title="bbox 545 384 946 426">
     <span class='ocr_line' id='line_1_2' title="bbox 545 384 946 426; baseline 0 0"><span class='ocrx_word' id='word_1_3' title='bbox 545 385 785 426; x_wconf 74' lang='lat' dir='ltr'><strong>GARMEN</strong></span> <span class='ocrx_word' id='word_1_4' title='bbox 820 384 946 426; x_wconf 85' lang='lat' dir='ltr'><strong>VIII.</strong></span> 
     </span>
    </p>
   </div>
   <div class='ocr_carea' id='block_1_3' title="bbox 454 510 1031 545">
    <p class='ocr_par' dir='ltr' id='par_1_3' title="bbox 454 510 1031 545">
     <span class='ocr_line' id='line_1_3' title="bbox 454 510 1031 545; baseline 0 -1"><span class='ocrx_word' id='word_1_5' title='bbox 454 515 531 545; x_wconf 72' lang='lat' dir='ltr'><strong>AD</strong></span> <span class='ocrx_word' id='word_1_6' title='bbox 573 510 1031 545; x_wconf 69' lang='lat' dir='ltr'><strong>nAEchA&#39;rssu.</strong></span> 
     </span>
    </p>
   </div>
   <div class='ocr_carea' id='block_1_4' title="bbox 292 643 1155 894">
    <p class='ocr_par' dir='ltr' id='par_1_4' title="bbox 293 643 1155 698">
     <span class='ocr_line' id='line_1_4' title="bbox 293 643 1155 698; baseline -0.001 -12"><span class='ocrx_word' id='word_1_7' title='bbox 293 643 459 686; x_wconf 70' lang='lat' dir='ltr'><strong>Martiis</strong></span> <span class='ocrx_word' id='word_1_8' title='bbox 477 643 645 685; x_wconf 88' lang='lat' dir='ltr'><strong>caelebs</strong></span> <span class='ocrx_word' id='word_1_9' title='bbox 664 643 772 697; x_wconf 90' lang='lat' dir='ltr'><strong>quid</strong></span> <span class='ocrx_word' id='word_1_10' title='bbox 790 656 920 698; x_wconf 90' lang='lat' dir='ltr'><strong>agam</strong></span> <span class='ocrx_word' id='word_1_11' title='bbox 939 643 1155 696; x_wconf 76' lang='lat' dir='ltr'>Calendis,</span> 
     </span>
    </p>

    <p class='ocr_par' dir='ltr' id='par_1_5' title="bbox 293 709 1092 756">
     <span class='ocr_line' id='line_1_5' title="bbox 293 709 1092 756; baseline 0 -5"><span class='ocrx_word' id='word_1_12' title='bbox 293 709 416 756; x_wconf 78' lang='lat' dir='ltr'><strong>Quid</strong></span> <span class='ocrx_word' id='word_1_13' title='bbox 435 710 569 751; x_wconf 87' lang='lat' dir='ltr'><strong>velint</strong></span> <span class='ocrx_word' id='word_1_14' title='bbox 587 709 711 751; x_wconf 86' lang='lat' dir='ltr'><strong>flores</strong></span> <span class='ocrx_word' id='word_1_15' title='bbox 729 716 772 750; x_wconf 91' lang='lat' dir='ltr'><strong>et</strong></span> <span class='ocrx_word' id='word_1_16' title='bbox 790 723 936 751; x_wconf 89' lang='lat' dir='ltr'><strong>acerra</strong></span> <span class='ocrx_word' id='word_1_17' title='bbox 954 710 1092 751; x_wconf 88' lang='lat' dir='ltr'><strong>thuris</strong></span> 
     </span>
    </p>

    <p class='ocr_par' dir='ltr' id='par_1_6' title="bbox 292 774 1118 894">
     <span class='ocr_line' id='line_1_6' title="bbox 292 774 1118 829; baseline 0.002 -14"><span class='ocrx_word' id='word_1_18' title='bbox 292 774 439 826; x_wconf 85' lang='lat' dir='ltr'><strong>Plena,</strong></span> <span class='ocrx_word' id='word_1_19' title='bbox 460 775 637 826; x_wconf 44' lang='lat' dir='ltr'><strong>miraris</strong></span> <span class='ocrx_word' id='word_1_20' title='bbox 657 775 906 829; x_wconf 85' lang='lat' dir='ltr'><strong>positusque</strong></span> <span class='ocrx_word' id='word_1_21' title='bbox 924 775 1052 817; x_wconf 85' lang='lat' dir='ltr'><strong>carbo</strong></span> <span class='ocrx_word' id='word_1_22' title='bbox 1070 775 1118 817; x_wconf 88' lang='lat' dir='ltr'><strong>in</strong></span> 
     </span>
     <span class='ocr_line' id='line_1_7' title="bbox 406 840 707 894; baseline 0 -13"><span class='ocrx_word' id='word_1_23' title='bbox 406 840 576 894; x_wconf 82' lang='lat' dir='ltr'><strong>Cespite</strong></span> <span class='ocrx_word' id='word_1_24' title='bbox 595 841 707 893; x_wconf 81' lang='lat' dir='ltr'><strong>vivo,</strong></span> 
     </span>
    </p>
   </div>
   <div class='ocr_carea' id='block_1_5' title="bbox 294 968 1129 1206">
    <p class='ocr_par' dir='ltr' id='par_1_7' title="bbox 294 968 1129 1025">
     <span class='ocr_line' id='line_1_8' title="bbox 294 968 1129 1025; baseline 0.005 -16"><span class='ocrx_word' id='word_1_25' title='bbox 294 968 431 1010; x_wconf 86' lang='lat' dir='ltr'>Docte</span> <span class='ocrx_word' id='word_1_26' title='bbox 452 982 666 1011; x_wconf 91' lang='lat' dir='ltr'><strong>sermones</strong></span> <span class='ocrx_word' id='word_1_27' title='bbox 686 971 908 1025; x_wconf 86' lang='lat' dir='ltr'><strong>utriusque</strong></span> <span class='ocrx_word' id='word_1_28' title='bbox 928 971 1129 1025; x_wconf 87' lang='lat' dir='ltr'><strong>linguae:</strong></span> 
     </span>
    </p>

    <p class='ocr_par' dir='ltr' id='par_1_8' title="bbox 294 1033 1072 1089">
     <span class='ocr_line' id='line_1_9' title="bbox 294 1033 1072 1089; baseline 0.005 -15"><span class='ocrx_word' id='word_1_29' title='bbox 294 1033 506 1075; x_wconf 85' lang='lat' dir='ltr'><strong>Voveram</strong></span> <span class='ocrx_word' id='word_1_30' title='bbox 524 1034 673 1076; x_wconf 82' lang='lat' dir='ltr'><strong>dulces</strong></span> <span class='ocrx_word' id='word_1_31' title='bbox 692 1036 843 1089; x_wconf 85' lang='lat' dir='ltr'><strong>epulas</strong></span> <span class='ocrx_word' id='word_1_32' title='bbox 861 1043 904 1077; x_wconf 89' lang='lat' dir='ltr'><strong>et</strong></span> <span class='ocrx_word' id='word_1_33' title='bbox 922 1037 1072 1078; x_wconf 90' lang='lat' dir='ltr'><strong>album</strong></span> 
     </span>
    </p>

    <p class='ocr_par' dir='ltr' id='par_1_9' title="bbox 295 1097 1045 1206">
     <span class='ocr_line' id='line_1_10' title="bbox 295 1097 1045 1154; baseline 0.005 -16"><span class='ocrx_word' id='word_1_34' title='bbox 295 1097 448 1139; x_wconf 88' lang='lat' dir='ltr'><strong>Libero</strong></span> <span class='ocrx_word' id='word_1_35' title='bbox 467 1112 655 1152; x_wconf 86' lang='lat' dir='ltr'><strong>caprum,</strong></span> <span class='ocrx_word' id='word_1_36' title='bbox 675 1113 803 1154; x_wconf 83' lang='lat' dir='ltr'><strong>prope</strong></span> <span class='ocrx_word' id='word_1_37' title='bbox 821 1100 1045 1142; x_wconf 86' lang='lat' dir='ltr'><strong>funeratus</strong></span> 
     </span>
     <span class='ocr_line' id='line_1_11' title="bbox 407 1162 699 1206; baseline 0.007 -4"><span class='ocrx_word' id='word_1_38' title='bbox 407 1162 579 1206; x_wconf 86' lang='lat' dir='ltr'>Arboris</span> <span class='ocrx_word' id='word_1_39' title='bbox 598 1164 699 1204; x_wconf 81' lang='lat' dir='ltr'><strong>ictu.</strong></span> 
     </span>
    </p>
   </div>
   <div class='ocr_carea' id='block_1_6' title="bbox 296 1290 1154 1409">
    <p class='ocr_par' dir='ltr' id='par_1_10' title="bbox 296 1290 1154 1409">
     <span class='ocr_line' id='line_1_12' title="bbox 296 1290 1000 1332; baseline 0.004 -2"><span class='ocrx_word' id='word_1_40' title='bbox 296 1290 382 1331; x_wconf 87' lang='lat' dir='ltr'><strong>Hic</strong></span> <span class='ocrx_word' id='word_1_41' title='bbox 401 1290 491 1330; x_wconf 89' lang='lat' dir='ltr'><strong>dies</strong></span> <span class='ocrx_word' id='word_1_42' title='bbox 511 1303 626 1331; x_wconf 89' lang='lat' dir='ltr'><strong>anno</strong></span> <span class='ocrx_word' id='word_1_43' title='bbox 644 1290 845 1332; x_wconf 77' lang='lat' dir='ltr'><strong>redeunte</strong></span> <span class='ocrx_word' id='word_1_44' title='bbox 866 1291 1000 1332; x_wconf 83' lang='lat' dir='ltr'><strong>festus</strong></span> 
     </span>
     <span class='ocr_line' id='line_1_13' title="bbox 299 1356 1154 1409; baseline 0.005 -14"><span class='ocrx_word' id='word_1_45' title='bbox 299 1356 511 1396; x_wconf 91' lang='lat' dir='ltr'><strong>Corticem</strong></span> <span class='ocrx_word' id='word_1_46' title='bbox 530 1356 782 1396; x_wconf 87' lang='lat' dir='ltr'><strong>adstrictum</strong></span> <span class='ocrx_word' id='word_1_47' title='bbox 799 1357 892 1409; x_wconf 88' lang='lat' dir='ltr'><strong>pice</strong></span> <span class='ocrx_word' id='word_1_48' title='bbox 911 1357 1154 1399; x_wconf 81' lang='lat' dir='ltr'><strong>demovebit</strong></span> 
     </span>
    </p>
   </div>
   <div class='ocr_carea' id='block_1_7' title="bbox 301 1420 1148 1527">
    <p class='ocr_par' dir='ltr' id='par_1_11' title="bbox 301 1420 1148 1527">
     <span class='ocr_line' id='line_1_14' title="bbox 301 1420 1148 1474; baseline 0.006 -14"><span class='ocrx_word' id='word_1_49' title='bbox 301 1420 557 1474; x_wconf 85' lang='lat' dir='ltr'><strong>Amphorae‚</strong></span> <span class='ocrx_word' id='word_1_50' title='bbox 576 1420 748 1462; x_wconf 88' lang='lat' dir='ltr'><strong>fumum</strong></span> <span class='ocrx_word' id='word_1_51' title='bbox 766 1422 907 1462; x_wconf 86' lang='lat' dir='ltr'><strong>bibere</strong></span> <span class='ocrx_word' id='word_1_52' title='bbox 926 1422 1148 1465; x_wconf 81' lang='lat' dir='ltr'><strong>institutae</strong></span> 
     </span>
     <span class='ocr_line' id='line_1_15' title="bbox 411 1485 765 1527; baseline 0.003 -1"><span class='ocrx_word' id='word_1_53' title='bbox 411 1485 599 1526; x_wconf 81' lang='lat' dir='ltr'><strong>Consule</strong></span> <span class='ocrx_word' id='word_1_54' title='bbox 618 1486 765 1527; x_wconf 88' lang='lat' dir='ltr'><strong>Tullo.</strong></span> 
     </span>
    </p>
   </div>
   <div class='ocr_carea' id='block_1_8' title="bbox 297 1612 1130 1735">
    <p class='ocr_par' dir='ltr' id='par_1_12' title="bbox 297 1612 1130 1735">
     <span class='ocr_line' id='line_1_16' title="bbox 298 1612 1055 1669; baseline 0.004 -14"><span class='ocrx_word' id='word_1_55' title='bbox 298 1612 443 1666; x_wconf 83' lang='lat' dir='ltr'><strong>Sume,</strong></span> <span class='ocrx_word' id='word_1_56' title='bbox 464 1613 705 1667; x_wconf 82' lang='lat' dir='ltr'><strong>Maecenas,</strong></span> <span class='ocrx_word' id='word_1_57' title='bbox 725 1617 906 1669; x_wconf 76' lang='lat' dir='ltr'><strong>cyathos</strong></span> <span class='ocrx_word' id='word_1_58' title='bbox 925 1617 1055 1658; x_wconf 86' lang='lat' dir='ltr'><strong>amici</strong></span> 
     </span>
     <span class='ocr_line' id='line_1_17' title="bbox 297 1678 1130 1735; baseline 0.006 -16"><span class='ocrx_word' id='word_1_59' title='bbox 297 1678 476 1732; x_wconf 80' lang='lat' dir='ltr'><strong>Sospitis</strong></span> <span class='ocrx_word' id='word_1_60' title='bbox 495 1688 680 1732; x_wconf 86' lang='lat' dir='ltr'><strong>centum,</strong></span> <span class='ocrx_word' id='word_1_61' title='bbox 701 1688 743 1721; x_wconf 90' lang='lat' dir='ltr'><strong>et</strong></span> <span class='ocrx_word' id='word_1_62' title='bbox 762 1682 913 1735; x_wconf 84' lang='lat' dir='ltr'><strong>vigiles</strong></span> <span class='ocrx_word' id='word_1_63' title='bbox 931 1683 1130 1724; x_wconf 89' lang='lat' dir='ltr'><strong>lucernas</strong></span> 
     </span>
    </p>
   </div>
   <div class='ocr_carea' id='block_1_9' title="bbox 298 1742 1137 1853">
    <p class='ocr_par' dir='ltr' id='par_1_13' title="bbox 298 1742 1137 1853">
     <span class='ocr_line' id='line_1_18' title="bbox 298 1742 1137 1800; baseline 0.008 -17"><span class='ocrx_word' id='word_1_64' title='bbox 298 1742 440 1784; x_wconf 86' lang='lat' dir='ltr'><strong>Perfer</strong></span> <span class='ocrx_word' id='word_1_65' title='bbox 461 1745 507 1785; x_wconf 93' lang='lat' dir='ltr'><strong>in</strong></span> <span class='ocrx_word' id='word_1_66' title='bbox 526 1745 691 1786; x_wconf 89' lang='lat' dir='ltr'><strong>lucem:</strong></span> <span class='ocrx_word' id='word_1_67' title='bbox 720 1747 869 1800; x_wconf 88' lang='lat' dir='ltr'><strong>procul</strong></span> <span class='ocrx_word' id='word_1_68' title='bbox 887 1748 1027 1789; x_wconf 88' lang='lat' dir='ltr'><strong>omnis</strong></span> <span class='ocrx_word' id='word_1_69' title='bbox 1046 1756 1137 1790; x_wconf 93' lang='lat' dir='ltr'><strong>esto</strong></span> 
     </span>
     <span class='ocr_line' id='line_1_19' title="bbox 412 1809 737 1853; baseline 0.009 -3"><span class='ocrx_word' id='word_1_70' title='bbox 412 1809 584 1851; x_wconf 90' lang='lat' dir='ltr'><strong>Clamor</strong></span> <span class='ocrx_word' id='word_1_71' title='bbox 602 1818 644 1852; x_wconf 93' lang='lat' dir='ltr'><strong>et</strong></span> <span class='ocrx_word' id='word_1_72' title='bbox 662 1812 737 1853; x_wconf 86' lang='lat' dir='ltr'><strong>ira.</strong></span> 
     </span>
    </p>
   </div>
   <div class='ocr_carea' id='block_1_10' title="bbox 299 1937 1038 2188">
    <p class='ocr_par' dir='ltr' id='par_1_14' title="bbox 299 1937 1038 1994">
     <span class='ocr_line' id='line_1_20' title="bbox 299 1937 1038 1994; baseline 0.009 -16"><span class='ocrx_word' id='word_1_73' title='bbox 299 1937 421 1979; x_wconf 81' lang='lat' dir='ltr'><strong>Mitte</strong></span> <span class='ocrx_word' id='word_1_74' title='bbox 439 1940 588 1981; x_wconf 79' lang='lat' dir='ltr'><strong>civiles</strong></span> <span class='ocrx_word' id='word_1_75' title='bbox 608 1954 734 1994; x_wconf 89' lang='lat' dir='ltr'><strong>super</strong></span> <span class='ocrx_word' id='word_1_76' title='bbox 752 1942 867 1983; x_wconf 90' lang='lat' dir='ltr'><strong>Urbe</strong></span> <span class='ocrx_word' id='word_1_77' title='bbox 886 1956 1038 1986; x_wconf 84' lang='lat' dir='ltr'><strong>curas:</strong></span> 
     </span>
    </p>

    <p class='ocr_par' dir='ltr' id='par_1_15' title="bbox 300 2001 1014 2060">
     <span class='ocr_line' id='line_1_21' title="bbox 300 2001 1014 2060; baseline 0.01 -18"><span class='ocrx_word' id='word_1_78' title='bbox 300 2001 467 2044; x_wconf 75' lang='lat' dir='ltr'>Occidit</span> <span class='ocrx_word' id='word_1_79' title='bbox 484 2005 595 2046; x_wconf 88' lang='lat' dir='ltr'><strong>Daci</strong></span> <span class='ocrx_word' id='word_1_80' title='bbox 615 2006 826 2047; x_wconf 87' lang='lat' dir='ltr'><strong>Cotisonis</strong></span> <span class='ocrx_word' id='word_1_81' title='bbox 846 2021 1014 2060; x_wconf 84' lang='lat' dir='ltr'><strong>agmen,</strong></span> 
     </span>
    </p>

    <p class='ocr_par' dir='ltr' id='par_1_16' title="bbox 301 2065 979 2188">
     <span class='ocr_line' id='line_1_22' title="bbox 301 2065 979 2113; baseline 0.012 -7"><span class='ocrx_word' id='word_1_82' title='bbox 301 2065 455 2108; x_wconf 82' lang='lat' dir='ltr'><strong>Medus</strong></span> <span class='ocrx_word' id='word_1_83' title='bbox 474 2069 655 2111; x_wconf 88' lang='lat' dir='ltr'><strong>infestus</strong></span> <span class='ocrx_word' id='word_1_84' title='bbox 674 2072 755 2112; x_wconf 90' lang='lat' dir='ltr'><strong>sibi</strong></span> <span class='ocrx_word' id='word_1_85' title='bbox 773 2072 979 2113; x_wconf 86' lang='lat' dir='ltr'><strong>luctuosis</strong></span> 
     </span>
     <span class='ocr_line' id='line_1_23' title="bbox 411 2129 759 2188; baseline 0.017 -16"><span class='ocrx_word' id='word_1_86' title='bbox 411 2129 599 2175; x_wconf 87' lang='lat' dir='ltr'><strong>Dissidet</strong></span> <span class='ocrx_word' id='word_1_87' title='bbox 617 2136 759 2188; x_wconf 84' lang='lat' dir='ltr'><strong>annis,</strong></span> 
     </span>
    </p>
   </div>
   <div class='ocr_carea' id='block_1_11' title="bbox 301 2258 1094 2383">
    <p class='ocr_par' dir='ltr' id='par_1_17' title="bbox 301 2258 1094 2383">
     <span class='ocr_line' id='line_1_24' title="bbox 301 2258 1094 2315; baseline 0.014 -17"><span class='ocrx_word' id='word_1_88' title='bbox 301 2258 443 2300; x_wconf 85' lang='lat' dir='ltr'><strong>Servit</strong></span> <span class='ocrx_word' id='word_1_89' title='bbox 458 2261 679 2315; x_wconf 79' lang='lat' dir='ltr'><strong>Hispanae</strong></span> <span class='ocrx_word' id='word_1_90' title='bbox 697 2271 823 2306; x_wconf 83' lang='lat' dir='ltr'><strong>vetus</strong></span> <span class='ocrx_word' id='word_1_91' title='bbox 841 2265 977 2307; x_wconf 87' lang='lat' dir='ltr'><strong>hostis</strong></span> <span class='ocrx_word' id='word_1_92' title='bbox 995 2279 1094 2309; x_wconf 87' lang='lat' dir='ltr'><strong>orae</strong></span> 
     </span>
     <span class='ocr_line' id='line_1_25' title="bbox 303 2322 1035 2383; baseline 0.015 -20"><span class='ocrx_word' id='word_1_93' title='bbox 303 2322 527 2377; x_wconf 72' lang='lat' dir='ltr'><strong>Cantaber,</strong></span> <span class='ocrx_word' id='word_1_94' title='bbox 549 2339 643 2368; x_wconf 90' lang='lat' dir='ltr'><strong>sera</strong></span> <span class='ocrx_word' id='word_1_95' title='bbox 660 2328 848 2372; x_wconf 88' lang='lat' dir='ltr'><strong>domitus</strong></span> <span class='ocrx_word' id='word_1_96' title='bbox 870 2338 1035 2383; x_wconf 85' lang='lat' dir='ltr'><strong>catena,</strong></span> 
     </span>
    </p>
   </div>
   <div class='ocr_carea' id='block_1_12' title="bbox 286 2451 1217 2495">
    <p class='ocr_par' dir='ltr' id='par_1_18' title="bbox 286 2451 1217 2495">
     <span class='ocr_line' id='line_1_26' title="bbox 286 2451 1217 2495; baseline 0.01 -11"><span class='ocrx_word' id='word_1_97' title='bbox 286 2451 325 2485; x_wconf 89' lang='lat' dir='ltr'><strong>C.</strong></span> <span class='ocrx_word' id='word_1_98' title='bbox 338 2453 405 2485; x_wconf 80' lang='lat' dir='ltr'><strong>viii.</strong></span> <span class='ocrx_word' id='word_1_99' title='bbox 423 2453 474 2486; x_wconf 83' lang='lat'><strong>10.</strong></span> <span class='ocrx_word' id='word_1_100' title='bbox 497 2453 682 2495; x_wconf 73' lang='lat' dir='ltr'><strong>dimovebit,</strong></span> <span class='ocrx_word' id='word_1_101' title='bbox 698 2458 852 2491; x_wconf 68' lang='grc' dir='ltr'><strong>Οηῑῑίιι.</strong></span> <span class='ocrx_word' id='word_1_102' title='bbox 1028 2460 1079 2492; x_wconf 84' lang='lat'><strong>15.</strong></span> <span class='ocrx_word' id='word_1_103' title='bbox 1097 2458 1217 2493; x_wconf 62' lang='lat' dir='ltr'><strong>Profit-</strong></span> 
     </span>
    </p>
   </div>
   <div class='ocr_carea' id='block_1_13' title="bbox 1366 1360 1422 1402">
    <p class='ocr_par' dir='ltr' id='par_1_19' title="bbox 1366 1360 1422 1402">
     <span class='ocr_line' id='line_1_27' title="bbox 1366 1360 1422 1402; baseline -0.018 0"><span class='ocrx_word' id='word_1_104' title='bbox 1366 1360 1422 1402; x_wconf 90' lang='grc'><strong>10</strong></span> 
     </span>
    </p>
   </div>
   <div class='ocr_carea' id='block_1_14' title="bbox 1366 1749 1421 1791">
    <p class='ocr_par' dir='ltr' id='par_1_20' title="bbox 1366 1749 1421 1791">
     <span class='ocr_line' id='line_1_28' title="bbox 1366 1749 1421 1791; baseline -0.018 0"><span class='ocrx_word' id='word_1_105' title='bbox 1366 1749 1421 1791; x_wconf 85' lang='grc'><strong>15</strong></span> 
     </span>
    </p>
   </div>
  </div>
 </body>
</html>
