1650 2730
659 147 926 180 OABmtm

286 252 502 294 Intentata
521 251 656 292 nites!
716 251 789 292 Me
809 251 958 292 tabula
978 263 1099 292 sacer

285 317 440 358 Votiva
459 317 597 370 paries
617 316 933 360 mdicauuvida

340 382 625 435 Suspendisse
645 382 806 435 potenti
1437 386 1487 425 15

397 447 662 488 Vestimenta
680 447 811 487 maris
831 446 924 487 deo.

617 833 858 873 GARMEN
895 833 971 872 VI.

304 964 380 992 AD
421 965 476 992 M.
519 963 878 992 VIPSANIUM
920 963 1277 991 AGRIPPAM.

283 1081 486 1122 Scriberis
506 1081 633 1121 Vario
653 1080 770 1121 fortis
790 1087 834 1120 et
851 1080 1044 1121 hostium

282 1146 425 1186 Victor
445 1147 631 1186 Maeonii
652 1146 854 1186 carminis
874 1145 985 1196 alite,

282 1211 434 1256 Quam
454 1225 543 1251 rem
563 1224 736 1264 cunque
756 1211 875 1250 ferox
894 1210 1081 1251 navibus
1100 1216 1178 1251 aut
1197 1210 1320 1264 equis

340 1276 463 1316 Miles
484 1283 524 1316 te
545 1276 655 1316 duce
677 1276 863 1330 gesserit.

283 1407 383 1457 Nos,
406 1407 606 1459 Agrippa,
624 1419 763 1458 neque
784 1406 892 1445 haec
913 1405 1063 1455 dicere,
1081 1417 1160 1445 nee
1176 1417 1353 1458 gravem
1460 1407 1487 1446 5

281 1472 453 1511 Pelidae
475 1471 748 1510 stomachum
768 1469 916 1509 cedere
937 1469 1080 1520 nescii,

283 1536 373 1576 Nec
393 1548 546 1575 cursus
565 1534 749 1587 duplicis
769 1545 843 1587 per
861 1547 979 1574 mare
999 1533 1157 1586 Ulixei,

338 1600 429 1698 Ιὲεο
450 1612 627 1639 saevam
647 1599 817 1652 Pelopis
838 1598 1017 1639 domum

281 1730 514 1781 Conamur,
536 1736 687 1770 tenues
708 1728 898 1783 grandia,
920 1728 1027 1769 dum
1046 1728 1183 1782 pudor

281 1795 556 1847 Imbellisque
577 1795 695 1848 lyrae
717 1795 846 1835 Musa
864 1801 1015 1846 potens
1035 1800 1153 1835 vetat
1438 1793 1492 1834 10

278 1860 454 1900 Laudes
474 1860 631 1913 egregii
652 1860 848 1900 Caesaris
868 1867 910 1900 et
930 1866 1028 1900 tuas

337 1925 479 1978 Culpa
499 1925 683 1966 deterere
704 1926 865 1979 ingeni.

278 2055 393 2100 Quis
415 2055 597 2096 Martem
619 2056 767 2096 tunica
787 2061 947 2096 tectum
969 2055 1252 2098 adamantina

279 2121 421 2174 Digne
442 2122 652 2174 scripserit
663 2124 682 2161 ’.ἱ
713 2127 790 2161 aut
808 2121 984 2174 pulvere
1005 2121 1162 2162 Troico

278 2186 462 2239 Nigrum
482 2186 734 2226 Merionen?
764 2193 840 2226 aut
859 2199 937 2239 ope
958 2186 1150 2227 Palladis
1434 2189 1486 2230 15

335 2251 540 2305 Tydiden
562 2252 736 2305 Superis
755 2251 933 2305 parem?

223 2384 271 2416 1⁴.
296 2381 436 2415 hum‘ida.
593 2382 631 2414 C.
644 2383 687 2414 vi.
704 2382 734 2414 2.
757 2382 837 2415 aliti.
944 2376 947 2378 ’
998 2382 1031 2414 3.
1055 2392 1116 2422 qua
1133 2393 1201 2415 rem
1216 2393 1353 2424 cunque.

372 2437 402 2468 7.
425 2435 586 2476 duplices3
609 2435 746 2476 Ulyssei.
1010 2437 1062 2469 14.
1086 2436 1197 2469 Troio.
