1612 2716
136 106 234 154 284
631 123 971 158 Emsromuu

132 223 311 266 Subruit
329 232 406 266 aut
425 225 572 267 reficit.
631 227 785 268 Valeat
804 242 870 269 res
892 229 1068 282 ludicra,
1089 230 1128 272 si
1146 243 1217 272 me
1402 233 1486 276 180

134 291 288 332 Palma
308 299 464 345 negata
483 306 690 345 macrum,
712 294 871 335 donata
891 296 1056 337 reducit
1073 298 1280 350 opimum.

133 356 270 410 Saepe
290 358 418 398 etiam
439 358 651 399 audacem
670 359 793 413 fugat
814 361 896 401 hoc
918 369 1127 416 terretque
1146 370 1328 417 poetam,

133 423 266 468 Quod
287 436 464 464 numero
484 425 639 477 plures,
662 426 818 466 virtute
839 434 881 467 et
903 428 1061 469 honore
1081 429 1278 481 minores,

133 488 298 529 Indocti
319 489 545 542 stolidique
566 498 607 531 et
627 491 871 544 depugnare
892 495 1038 546 parati,

133 554 179 595 Si
200 554 409 594 discordet
428 569 570 608 eques,
596 557 738 597 media
759 558 868 597 inter
886 559 1078 599 carmina
1098 568 1282 613 poscunt
1405 563 1486 604 185

132 620 222 660 Aut
243 633 392 660 ursum
413 628 488 661 aut
509 622 699 675 pugiles:
731 623 799 663 his
819 636 923 664 narn
944 625 1167 677 plebecula
1186 626 1365 679 plaudit.

133 686 290 727 Verum
313 687 467 740 equitis
488 701 662 741 quoque
675 690 770 742 jam
789 690 990 742 migravit
1010 692 1066 732 ab
1085 704 1190 732 aure
1210 693 1411 747 voluptas

132 753 286 794 Omnis
307 753 362 793 ad
384 744 566 794 incertos
587 754 734 795 oculos
754 761 796 795 et
815 755 976 808 gaudia
996 769 1124 798 vana.

131 819 334 863 Quatuor
349 827 429 860 aut
449 820 592 872 plures
613 820 767 860 aulaea
787 829 1039 873 premuntur
1058 823 1104 863 in
1123 823 1261 875 horas,

133 884 252 925 Dum
272 884 445 938 fugiunt
465 886 661 938 equitum
682 892 848 927 turmae
869 886 1148 940 peditumque
1169 895 1385 932 catervae:
1404 891 1487 933 190

132 950 236 991 Mox
258 951 438 990 trahitur
457 952 660 992 manibus
680 965 830 1005 regum
851 952 1022 994 fortuna
1042 955 1216 1007 retortis,

130 1016 298 1056 Esseda
318 1016 533 1068 festinant,
556 1017 729 1069 pilenta,
751 1019 960 1070 petorrita,
982 1032 1127 1072 naves,

130 1083 364 1135 Captivum
385 1088 575 1135 portatur
594 1083 710 1135 ebur,
732 1085 906 1136 captiva
925 1085 1171 1127 Corinthus.

128 1148 175 1188 Si
196 1147 300 1187 foret
320 1148 363 1187 in
386 1148 515 1198 terris,
537 1148 690 1188 rideret
711 1149 993 1202 Democritus,
1016 1164 1094 1191 seu

130 1213 361 1253 Diversum
381 1214 563 1254 confusa
583 1228 721 1268 genus
742 1216 951 1269 panthera
970 1217 1139 1258 camelo
1402 1219 1484 1261 195

127 1279 228 1318 Sive
248 1279 423 1332 elephas
445 1280 570 1320 albus
591 1281 714 1333 vulgi
733 1288 996 1322 converteret
1015 1295 1114 1336 ora;

127 1344 346 1397 Spectaret
365 1346 576 1398 populum
597 1346 711 1386 ludis
732 1347 936 1387 attentius
957 1348 1060 1400 ipsis

126 1410 185 1450 Ut
207 1411 286 1450 sibi
307 1411 582 1463 praebentem
603 1412 735 1452 mimo
756 1413 1003 1465 spectacula
1023 1413 1158 1466 plura,

126 1475 358 1528 Scriptores
379 1484 526 1516 autem
545 1489 716 1516 narrare
738 1484 905 1530 putaret
925 1478 1058 1518 asello

126 1541 350 1580 Fabellam
373 1541 512 1582 surdo.
573 1541 688 1582 Nam
707 1554 819 1595 quae
840 1543 1082 1595 pervincere
1102 1555 1228 1583 voces
1395 1543 1481 1586 200

126 1605 340 1646 Evaluere
362 1619 528 1657 sonum,
550 1607 737 1648 referunt
757 1620 887 1659 quern
908 1615 1053 1647 nostra
1074 1607 1271 1648 theatrass

124 1670 377 1722 Garganum
397 1672 562 1723 mugire
582 1678 706 1723 putes
727 1684 881 1710 nemus
901 1678 978 1711 aut
999 1684 1116 1711 mare
1137 1671 1364 1727 Tuscum

122 1734 269 1775 Tanto
289 1747 391 1774 cum
411 1735 588 1787 strepitu
609 1734 699 1774 ludi
721 1737 967 1787 spectantur
985 1742 1028 1775 et
1047 1742 1159 1777 artes

124 1799 396 1851 Divitiaeque
417 1800 672 1852 peregrinae,
694 1800 851 1852 quibus
871 1800 1028 1840 oblitus
1048 1808 1163 1842 actor

122 1867 236 1906 Cum
257 1866 370 1905 stetit
390 1866 435 1905 in
459 1878 599 1916 scena,
621 1867 833 1905 concurrit
852 1865 1027 1906 dextera
1048 1867 1208 1909 laevae.
1391 1870 1476 1912 205

123 1931 247 1972 Dixit
266 1930 410 1970 adhuc
431 1930 630 1983 aliquid?
689 1930 761 1971 Nil
782 1943 898 1972 sane.
958 1932 1081 1977 Quid
1101 1933 1240 1986 placet
1259 1935 1391 1989 ergo'.z

122 1998 245 2038 Lana
266 1997 502 2037 Tarentino
522 1996 657 2036 violas
677 1997 843 2037 imitata
863 2010 1039 2038 veneno.

122 2063 186 2103 Ac
206 2075 259 2103 ne
280 2061 383 2102 forte
404 2069 538 2115 puteS,
561 2075 640 2112 me,
663 2075 774 2114 quae
795 2061 932 2102 facere
953 2063 1042 2116 ipse
1063 2077 1268 2118 recusem,

122 2128 234 2169 Cum
256 2135 365 2168 recte
387 2135 566 2168 tractent
586 2128 670 2179 alii,
693 2128 868 2168 laudare
889 2129 1101 2183 maligne;

121 2193 199 2234 Ille
219 2206 293 2247 per
311 2200 535 2234 extentum
555 2192 707 2233 funem
726 2194 833 2234 mihi
854 2207 976 2247 posse
997 2195 1167 2237 videtur
1387 2197 1473 2240 210

122 2258 188 2300 Ire
207 2265 342 2313 poeta,
363 2271 512 2300 meum
531 2259 606 2313 qui
626 2265 774 2312 pectus
794 2260 977 2301 inaniter
996 2262 1128 2315 angit,

687 2410 761 2443 186.
784 2411 914 2452 gaudet.
