1650 2730
139 158 204 204 14

671 170 940 206 mmmmm(

619 349 859 389 CARMEN
900 349 1000 388 XII.

362 471 440 497 AD
485 470 840 498 CAESAREM
885 470 1260 498 AUGUSTUM.

303 577 453 621 Quem
472 577 614 616 virum
633 583 710 616 aut
729 576 858 616 heroa
877 576 971 629 lyra
990 577 1060 617 vel
1080 577 1167 617 acri

304 642 436 682 Tibia
455 642 591 682 sumis
610 642 833 693 celebrare,
856 642 983 682 Clio?

304 708 452 752 Quem
472 707 636 748 deum'.l
666 708 791 761 cujus
811 707 970 762 recinet
983 708 1130 761 jocosa

413 773 583 814 Nomen
602 773 746 826 imago

302 903 393 943 Aut
412 903 458 943 in
478 903 688 943 umbrosis
708 903 927 943 Heliconis
947 903 1041 954 oris,

302 969 392 1009 Aut
412 981 538 1021 super
557 968 708 1021 Pindo,
731 968 924 1022 gelidove
945 969 989 1008 in
1009 967 1210 1009 Haemo‘.l

302 1034 429 1076 Unde
449 1034 643 1074 vocalem
663 1041 819 1074 temere
838 1034 1055 1074 insecutae

415 1099 589 1152 Orphea
609 1100 755 1151 silvae,

301 1230 402 1270 Arte
422 1236 616 1270 materna
636 1229 804 1283 rapidos
825 1235 1064 1270 morantem

302 1296 559 1336 Fluminum
579 1295 726 1348 lapsus
746 1295 989 1347 celeresque
1009 1300 1172 1346 ventos,

302 1360 520 1401 Blandum
539 1367 581 1400 et
601 1361 762 1400 auritas
783 1360 942 1400 fidibus
962 1359 1129 1400 canoris

413 1426 580 1466 Ducere
601 1438 796 1478 quercus,

300 1553 422 1599 Quid
443 1554 561 1606 prius
580 1553 724 1594 dicam
744 1546 877 1594 solitis
897 1553 1092 1594 Parentis

300 1619 536 1670 Laudibus,
559 1620 636 1671 qui
654 1632 720 1659 res
741 1619 968 1659 hominum
987 1632 1038 1658 ac
1059 1618 1248 1671 deorum,

299 1685 393 1730 Qui
413 1698 529 1724 mare
550 1698 601 1724 ac
622 1691 751 1724 terras
771 1685 986 1737 variisque
1006 1683 1222 1725 mundum

410 1750 643 1802 Temperat
662 1750 776 1789 horis
791 1749 811 1790 ’.ῑ

298 1877 424 1919 Unde
445 1878 506 1918 nil
526 1880 667 1933 majus
688 1885 914 1932 generatur
933 1879 1036 1932 ipso,

298 1944 388 1985 Nec
410 1944 525 1997 viget
544 1944 783 1997 quidquam
806 1945 943 1984 simile
964 1951 1041 1986 aut
1061 1944 1330 1987 secundum:

299 2010 521 2050 Proximos
542 2009 603 2050 illi
624 2017 769 2050 tamen
789 2011 1016 2064 occupavit

410 2075 555 2115 Pallas
576 2075 766 2116 honores.

298 2204 473 2245 Proeliis
494 2204 653 2256 audax,
676 2218 815 2257 neque
835 2212 875 2245 te
898 2206 1040 2258 silebo,

299 2270 438 2321 Liber,
459 2277 501 2310 et
521 2270 661 2309 saevis
682 2270 856 2310 inimica
876 2271 998 2323 virgo

1427 1293 1484 1335 10

1428 1685 1483 1727 15

133 2399 172 2432 c.
186 2401 242 2432 xii.
257 2400 289 2432 2.
305 2378 421 2432 suffles.
491 2401 523 2433 3.
538 2399 661 2432 recinit.
751 2399 800 2431 13.
819 2399 905 2436 Quid
921 2401 1027 2439 prius?
1052 2401 1166 2432 Dicam
1181 2401 1282 2433 solitis
1296 2399 1479 2433 rnen-m.

222 2454 273 2486 19.
290 2454 469 2494 occupabit.
542 2453 598 2491 20,
611 2453 663 2485 21.
682 2452 789 2485 Pallas
803 2451 950 2490 honores,
964 2452 1098 2485 Proeliis
1113 2454 1229 2486 audax.
1266 2453 1390 2494 Nome-
