1612 2716
559 173 710 207 usn
737 172 774 208 1.
827 172 885 239 ξ
914 173 1021 207 xrv.
1362 125 1470 217 268

171 278 361 321 Sedulus
378 277 590 332 importes,
609 289 739 331 opera
754 277 1010 319 vehemente
1027 275 1234 319 minister.
1433 278 1463 319 ὅ

171 345 220 386 si
238 352 280 385 te
298 343 404 385 forte
422 356 546 384 meae
564 344 708 396 gravis
726 350 821 384 uret
838 343 1007 384 sarcina
1024 343 1211 395 chartae,

173 410 355 463 Abjicito
374 409 527 462 potiuS,
547 421 694 461 quam,
713 421 800 462 quo
819 409 998 462 perferre
1010 409 1184 463 juberis,

173 474 366 515 Clitellas
385 474 499 516 serus
519 474 743 528 impingas
763 471 1008 527 Asinaet'me
1026 481 1255 527 paternum

174 539 423 591 Cognomen
442 546 583 579 vertas
603 539 648 579 in
667 539 803 580 risum
821 546 863 579 et
881 539 1033 580 fabula
1053 539 1147 580 fias.

174 605 343 645 Viribus
363 605 493 645 uteris
511 617 586 657 per
603 604 749 655 clivos,
770 604 964 656 flumina,
985 605 1151 657 lamas;
1412 604 1466 643 10

174 670 317 728 Viotor
336 670 532 724 propositi
552 669 683 710 simul
701 683 754 710 ac
772 671 1012 723 perveneris
1031 670 1146 722 illuc,

174 735 247 776 Sic
265 735 452 788 positum
471 735 662 776 servabis
680 748 803 788 onus,
823 749 879 777 ne
898 735 1004 777 forte
1025 737 1108 776 sub
1127 735 1199 776 ala

174 800 453 841 Fasciculum
471 808 609 854 portes
628 801 841 853 librorum,
862 809 911 842 ut
930 802 1116 843 rusticus
1135 813 1313 856 agnum,

174 864 235 905 Ut
252 865 403 906 vinosa
422 866 591 919 glomus
610 866 794 907 furtivae
812 867 996 927 Pyrrhia
1016 867 1155 918 lanae,

177 928 238 970 Ut
255 941 356 970 cum
374 931 527 985 pileolo
546 932 683 972 soleas
701 933 887 974 conviva
907 933 1087 973 tribulis.
1413 931 1467 972 15

178 988 246 1033 Ne
263 993 398 1046 vulgo
414 1007 568 1047 narres,
589 1003 631 1036 te
651 997 875 1038 sudavisse
893 995 1068 1039 ferendo

181 1056 397 1106 Carmina,
416 1069 526 1108 quae
545 1062 707 1111 possint
724 1062 871 1102 oeulos
890 1075 1101 1115 auresque
1119 1061 1275 1102 morari

179 1120 388 1170 Caesaris,
407 1127 551 1161 oratus
568 1125 705 1165 multa
722 1138 856 1178 prece,
875 1127 1009 1166 nitere
1027 1138 1159 1179 porro.

183 1183 318 1235 Vade,
337 1183 460 1236 vale3
490 1196 608 1235 cave,
628 1197 683 1225 ne
702 1189 858 1230 titubes
875 1189 1168 1242 mandataque
1186 1189 1373 1243 frangas.

723 1380 878 1390 —-—-—

582 1537 868 1578 EPISTOLA
901 1537 1020 1576 XIV.

478 1668 555 1695 AD
594 1667 910 1695 VILLlcun
948 1667 1126 1694 SUUM.

242 1785 392 1825 villice
411 1785 619 1825 silvarum
637 1791 680 1824 et
699 1784 806 1825 mihi
825 1796 895 1824 me
913 1783 1130 1824 reddentis
1148 1782 1288 1835 agelli,

187 1850 335 1894 Quem
354 1857 402 1890 tu
421 1849 599 1900 fastidis,
620 1849 864 1889 habitatum
881 1849 1073 1902 quinque
1093 1847 1198 1888 focis
1216 1854 1260 1887 et

189 1915 397 1966 Quinque
415 1915 547 1954 bonos
567 1914 740 1954 solitum
759 1914 935 1955 Variam
952 1913 1161 1954 dimittere
1180 1919 1333 1965 patres,

190 1978 422 2029 Certemus,
443 1979 588 2031 spinas
607 1979 809 2018 animone
828 1990 908 2031 ego
926 1977 1076 2018 fortius
1095 1990 1154 2016 an
1173 1983 1222 2017 tu

189 2042 367 2082 Evellas
386 2056 498 2096 agro,
518 2051 560 2084 et
578 2043 727 2084 melior
745 2043 800 2083 sit
820 2042 1024 2083 Horatius
1044 2054 1103 2081 an
1121 2054 1198 2081 res.
1449 2040 1478 2081 5

191 2106 263 2147 Me
283 2108 481 2158 quamvis
498 2107 678 2148 Lamiae
696 2108 832 2161 pietas
851 2113 895 2147 et
912 2119 1017 2147 cura
1035 2112 1235 2157 moratur,

194 2171 389 2212 Fratrem
407 2173 643 2223 moerentis,
662 2180 783 2225 rapto
801 2172 855 2212 de
873 2171 1000 2212 fratre
1018 2171 1201 2211 dolentis

192 2234 484 2285 Insolabiliter‚
504 2242 650 2276 tamen
667 2237 779 2276 istuc
797 2249 921 2277 mens
940 2237 1199 2288 animusque

194 2299 307 2349 Fert,
327 2306 369 2339 et
388 2306 505 2338 amat
524 2299 672 2351 spatiis
689 2301 902 2341 obstantia
919 2314 1114 2354 rumpere
1132 2299 1332 2340 claustra.

194 2363 311 2404 Rure
329 2375 408 2415 ego
426 2363 654 2414 viventem,
674 2370 724 2404 tu
741 2364 850 2404 dicis
867 2365 915 2405 in
932 2366 1036 2405 urbe
1054 2365 1255 2404 beatum:
1424 2358 1481 2399 10

196 2428 282 2469 Cui
299 2427 439 2482 placet
457 2427 641 2480 alterius,
661 2441 744 2470 sua
761 2429 966 2470 nimirum
982 2436 1048 2469 est
1065 2427 1163 2468 odio
1182 2437 1283 2466 sors.
