1650 2730
212 208 307 262 150

786 224 982 258 EPODON

697 424 938 464 OARMEN
977 423 1076 463 VII.

521 566 592 593 AD
637 565 897 593 POPULUM
941 565 1244 592 ROMANUM.

405 695 520 745 Quo,
543 705 629 746 quo
650 691 816 732 scelesti
837 691 988 732 ruitis?
1019 697 1095 732 aut
1113 703 1191 731 cur
1209 690 1395 731 dexteris

461 760 677 812 Aptantur
696 770 820 797 enses
840 757 999 797 conditi
1014 759 1032 796 ’.ἱ

405 825 620 866 Parumne
640 824 804 876 campis
825 829 953 875 atque
974 822 1176 874 Neptuno
1195 833 1323 875 super

461 890 633 930 Fusum
653 896 716 928 est
735 888 881 928 Latini
902 886 1158 940 sanguinis'.z

406 955 515 1006 Non,
538 961 586 994 ut
606 954 811 1006 superbas
832 952 1004 993 invidae
1026 950 1303 1004 Carthaginis

462 1021 686 1061 Romanus
707 1032 825 1058 arces
846 1022 1006 1068 ureret,

393 1086 600 1127 ‘Intactus
621 1090 697 1124 aut
717 1084 950 1124 Britannus
970 1088 1020 1122 ut
1039 1080 1315 1122 descenderet

464 1152 597 1192 Sacra
617 1156 841 1190 catenatus
865 1148 964 1199 Via,-

406 1216 492 1258 Sed
512 1222 571 1267 ut,
594 1214 835 1255 secundum
854 1219 956 1263 vota
977 1212 1243 1263 Parthorum,
1265 1223 1347 1252 sua

462 1282 574 1322 Urbs
597 1281 703 1320 haee
723 1280 874 1333 periret
893 1278 1080 1318 dextera.

407 1347 559 1399 Neque
580 1346 650 1385 hic
672 1345 785 1398 lupis
805 1357 898 1384 mos
919 1356 998 1383 nec
1018 1342 1099 1383 fuit
1119 1342 1312 1383 leonibus

468 1411 687 1463 Unquam,
713 1410 795 1450 nisi
816 1410 860 1449 in
881 1409 1034 1461 dispar,
1057 1406 1166 1447 feris.

408 1478 601 1517 Furorne
621 1488 788 1525 caecus,
811 1487 867 1514 an
888 1474 997 1526 rapit
1017 1473 1082 1512 vis
1102 1471 1266 1512 acrior?

467 1543 538 1582 An
557 1540 717 1593 culpa?
775 1537 1048 1592 Responsum
1069 1538 1178 1577 date.

411 1606 592 1657 Tacent,
614 1612 655 1645 et
676 1605 800 1645 albus
821 1617 894 1644 ora
914 1603 1049 1657 pallor
1068 1602 1214 1654 inficit,

466 1671 720 1722 Montesque
741 1670 961 1722 perculsae
983 1674 1167 1720 stupent.

410 1737 482 1777 Sic
503 1743 590 1775 est:
622 1735 775 1774 acerba
795 1733 884 1773 fata
906 1733 1126 1772 Romanos
1146 1737 1284 1784 agunt

467 1800 704 1852 Scelusque
726 1798 934 1838 fraternae
954 1797 1082 1848 neeis,

411 1866 471 1906 Ut
490 1864 752 1905 immerentis
773 1863 902 1903 fiuxit
923 1863 967 1903 in
987 1869 1143 1903 terram
1162 1862 1289 1904 Remi

466 1931 596 1971 Sacer
615 1929 840 1983 nepotibus
859 1941 992 1969 eruor.

512 2060 549 2093 C.
565 2062 619 2092 vii.
639 2060 689 2092 12.
714 2060 900 2099 Nunquam.
1079 2058 1129 2089 13.
1152 2067 1277 2090 cneeoe.

691 2114 742 2145 15.
765 2119 798 2144 et
813 2122 869 2144 ora
883 2111 985 2151 pallor
999 2110 1097 2142 albus.

1512 1274 1567 1315 10

1513 1600 1567 1642 15
