1612 2716
188 159 284 210 178
712 171 998 205 mmmm

700 361 927 400 SATIRA·
953 360 1039 401 ΙΙΙ.

245 510 458 551 Omnibus
481 509 561 549 hoc
583 509 737 548 vitium
758 515 822 548 est
842 509 1098 560 cantoribus,
1120 509 1229 549 inter
1247 507 1409 548 amieos

191 577 247 617 Ut
268 588 493 627 nunquam
517 574 726 614 inducant
746 575 944 615 animum
963 581 1136 615 cantare
1157 573 1304 628 rogati,

190 642 347 695 Injussi
368 653 596 693 nunquam
616 640 836 680 desistant.
896 640 1059 681 Sardus
1080 641 1268 681 habebat

189 707 267 748 Ille
289 706 503 759 Tigellius
524 706 618 746 hoc.
680 706 850 756 Caesar,
873 706 948 758 qui
969 719 1118 760 cogere
1139 710 1292 760 posset,

189 773 235 813 Si
258 779 414 824 peteret
435 785 509 824 per
530 771 767 811 amicitiam
787 772 918 824 patris
940 779 1069 824 atque
1090 785 1228 823 suam,
1250 783 1340 812 non
1517 770 1546 811 5

189 837 448 889 Quidquam
468 836 715 889 proficeret:
747 837 782 876 si
802 837 1074 888 collibuisset,
1096 838 1152 877 ab
1171 849 1254 877 ovo

190 903 337 955 Usque
359 902 415 942 ad
436 902 553 942 mala
573 902 720 942 citaret
738 917 746 943 :
778 903 826 942 Io
847 903 1018 942 Bacche
1035 903 1044 942 !
1076 902 1203 942 modo
1223 913 1397 942 summa

190 968 314 1018 Voce,
337 968 462 1007 modo
484 969 578 1019 hac,
601 975 769 1008 resonat
788 981 900 1021 quae
921 968 1090 1008 chordis
1110 973 1293 1021 quatuor
1311 967 1411 1008 ima.

191 1034 262 1074 Nil
284 1033 463 1085 aequale
485 1034 649 1073 homini
670 1034 751 1074 fuit
771 1034 832 1073 illi
850 1048 859 1086 ;
892 1047 1018 1087 saepe
1040 1033 1158 1074 velut
1177 1033 1254 1086 qui

190 1099 399 1138 Currebat
419 1098 589 1151 fugiens
610 1099 788 1150 hostem,
810 1112 1011 1152 persaepe
1032 1098 1152 1139 velut
1170 1098 1247 1152 qui
1492 1098 1547 1139 10

190 1164 215 1204 J
220 1164 374 1203 unonis
396 1177 517 1204 sacra
538 1163 687 1204 ferret:
720 1165 907 1204 habebat
928 1177 1055 1217 saepe
1075 1164 1294 1216 ducentos,

189 1231 326 1283 Saepe
347 1229 495 1269 decem
517 1243 661 1270 servos
679 1245 687 1270 :
719 1230 846 1270 modo
866 1243 985 1284 reges
1005 1237 1135 1283 atque
1156 1229 1400 1281 tetrarchas,

192 1296 352 1336 Omnia
372 1309 544 1349 magna,
563 1296 766 1349 loquens:
798 1295 951 1336 modo:
982 1296 1047 1336 Sit
1067 1295 1174 1336 mihi
1193 1308 1345 1336 mensa
1364 1294 1492 1348 tripes
1505 1299 1549 1334 et

192 1362 371 1402 Concha
392 1362 494 1402 salis
515 1362 608 1415 puri
629 1369 671 1402 et
692 1369 801 1414 toga,
823 1375 936 1414 quae
957 1360 1182 1401 defendere
1201 1360 1348 1414 frigus,

191 1428 411 1472 Quamvis
431 1441 586 1478 crassa,
609 1434 750 1480 queat.
812 1427 965 1467 Decies
986 1433 1168 1466 centena
1187 1425 1378 1467 dedisses
1494 1425 1547 1467 15

192 1493 307 1532 Huic
328 1506 454 1545 parco
475 1493 626 1545 paucis
648 1482 858 1544 contento,
881 1492 1072 1545 quinque
1093 1491 1246 1532 diebus

194 1558 265 1599 Nil
287 1565 375 1598 erat
395 1559 439 1598 in
461 1558 623 1598 loculis.
684 1559 841 1599 Noctes
861 1558 1070 1612 vigilabat
1089 1557 1147 1598 ad
1167 1557 1311 1611 ipsum

193 1623 348 1674 Mane3
381 1623 496 1663 diem
517 1630 655 1664 totum
676 1625 886 1664 stertebat.
947 1623 1019 1664 Nil
1040 1622 1122 1663 fuit
1141 1635 1337 1675 unquam

191 1688 264 1728 Sic
286 1688 423 1740 impar
444 1689 536 1728 sibi.
598 1689 725 1728 Nunc
747 1689 903 1740 aliquis
924 1687 1040 1727 dicat
1062 1687 1169 1727 mihi
1187 1701 1196 1727 :
1227 1686 1350 1732 Quid
1371 1687 1450 1728 tu?

193 1751 382 1792 Nullane
403 1752 536 1791 habes
557 1752 662 1791 vitia
675 1752 891 1791 ‘Z—Immo
912 1751 1009 1802 alia,
1026 1758 1068 1791 et
1087 1751 1263 1791 fortasse
1284 1752 1461 1792 minora.
1491 1752 1548 1793 20

193 1816 393 1856 Maenius
414 1817 636 1856 absentem
656 1816 847 1856 Novium
866 1829 968 1856 cum
987 1822 1176 1869 carperet
1193 1831 1202 1857 :
1233 1817 1354 1857 Heus
1374 1823 1434 1869 tu,

193 1880 389 1926 Quidam
410 1881 480 1932 ait,
504 1882 674 1934 ignoras
696 1881 770 1922 te?
801 1895 869 1931 an,
893 1889 942 1922 ut
962 1882 1169 1935 ignotum,
1191 1881 1293 1922 dare
1312 1882 1435 1922 nobis

196 1946 333 1986 Verba
355 1947 512 1998 putas?
571 1947 756 2000 Egomet
776 1954 837 1987 mi
858 1948 1041 2001 ignosco,
1064 1948 1265 1988 Maenius
1285 1947 1435 2001 inquit.

195 2010 362 2051 Stultus
384 2018 425 2050 et
446 2012 663 2064 improbus
684 2013 754 2053 hic
775 2026 894 2053 amor
913 2020 987 2064 est,
1010 2013 1252 2065 dignusque
1273 2013 1420 2054 notari.

197 2076 310 2115 Cum
332 2082 405 2115 tua
427 2077 650 2129 pervideas
670 2078 805 2118 oculis
826 2078 942 2118 mala
962 2078 1102 2130 lippus
1123 2078 1322 2129 inunctis,
1492 2077 1548 2118 25

198 2141 286 2180 Cur
306 2141 350 2180 in
373 2142 609 2183 amicorum
630 2143 744 2183 vitiis
765 2149 855 2183 tam
875 2142 1013 2182 cernis
1036 2149 1227 2194 acutum,

198 2206 348 2251 Quam
369 2214 443 2246 aut
464 2208 610 2259 aquila
629 2214 706 2247 aut
721 2220 892 2260 serpens
909 2207 1202 2260 Epidaurius?
1242 2208 1301 2249 At
1315 2207 1391 2249 tibi
1403 2214 1549 2248 contra

199 2270 367 2322 Evenit,
390 2272 606 2324 inquirant
626 2273 730 2312 vitia
751 2280 797 2313 ut
818 2281 893 2313 tua
913 2287 1059 2314 rursus
1079 2280 1120 2314 et
1140 2273 1211 2314 illi.

198 2336 446 2376 Iracundior
465 2344 527 2377 est
547 2337 687 2390 paulo,
709 2338 854 2378 minus
875 2345 1001 2391 aptus
1022 2339 1159 2379 acutis

287 2467 321 2499 S.
338 2468 453 2499 ii1.20.
477 2467 562 2500 haud
576 2467 707 2500 fortasse
721 2469 857 2501 minora.
945 2469 999 2502 25.
1022 2469 1230 2510 praevideam
1250 2468 1335 2501 male
1349 2467 1460 2508 lippus.
