1612 2716
531 198 744 232 mr.
811 196 950 231 arv.
1305 184 1400 232 185

60 305 227 359 Scripta
243 303 334 345 foro
350 302 536 349 recitent,
557 308 661 341 sunt
677 300 815 352 multi,
834 300 996 353 quique
1014 299 1234 341 lavantes:
1345 301 1403 342 75

59 370 205 412 Suave
223 369 344 410 locus
362 368 458 408 voci
476 374 645 407 resonat
662 365 1118 419 conclusus—[nanee

59 434 154 476 Hoc
167 436 303 488 Juvat,
323 433 442 474 haud
462 432 572 472 illud
592 438 856 484 quaerentes,
876 443 985 472 num
1004 431 1097 471 sine
1116 442 1260 481 sensu,

59 500 274 553 Tempore
290 511 399 540 num
418 497 578 538 faciant
595 496 992 537 alieno.—Laedere
1006 495 1182 549 gaudes,

59 565 216 618 Inquit,
235 572 279 605 et
295 564 378 604 hoc
395 562 538 604 studio
555 574 715 616 pravus
733 561 1039 602 facia—Unde
1057 562 1239 615 petitum

60 629 155 670 Hoc
173 629 218 669 in
238 641 307 669 me
320 628 429 682 jacis
440 627 461 668 21
489 633 554 667 aet
572 634 721 667 auctor
737 626 836 679 quis
854 625 1040 678 denique
1059 639 1219 677 eorum,
1345 625 1403 666 80

60 693 161 734 Vixi
178 706 282 734 cum
298 693 457 746 quibus
467 692 488 732 21
546 692 782 733 Absentem
799 691 876 744 qui
895 690 1005 731 rodit
1022 691 1226 743 amicum,

60 758 154 804 Qui
171 770 260 798 non
278 757 467 798 defendit
485 757 570 798 alio
587 757 803 810 culpante,
823 755 985 796 solutos

60 823 153 868 Qui
170 830 315 876 captat
333 823 444 863 risus
463 822 690 863 hominum
708 821 958 874 famamque
976 820 1150 873 dicacis,

61 888 243 940 Fingere
261 888 336 940 qui
354 900 442 928 non
460 887 556 927 visa
574 893 722 940 potoet,
741 886 973 926 commism
990 893 1129 926 tacere

61 952 155 996 Qui
172 954 343 1005 nequit:
372 953 443 993 hic
462 953 582 1006 niger
598 959 675 1003 eet,
694 952 813 992 hunc
832 958 892 1002 tu,
912 951 1120 1003 Romane,
1139 958 1302 992 caveto.
1349 951 1407 992 86

63 1016 201 1068 Saepe
220 1018 353 1057 tribus
371 1017 491 1057 lectis
509 1017 659 1057 videas
677 1029 855 1056 coenare
874 1023 1113 1068 quaternos,

62 1079 103 1120 E
122 1081 279 1133 quibus
298 1093 413 1121 unus
432 1088 531 1121 avet
551 1082 706 1133 quavis
724 1081 974 1133 adspergere
993 1088 1182 1131 cunctos,

62 1145 232 1186 Praeter
241 1158 355 1196 eum,
367 1146 443 1198 qui
454 1146 624 1198 praebet
638 1158 817 1197 aquam:
835 1152 940 1197 post,
955 1145 1073 1185 hunc
1087 1157 1256 1198 quoque
1267 1152 1405 1198 potus,

63 1209 247 1250 Condita
265 1223 368 1250 cum
386 1222 521 1250 verax
540 1210 673 1262 aperit
691 1210 934 1262 praecordia
952 1210 1090 1250 Liber.

62 1274 146 1315 Hic
165 1274 241 1315 tibi
258 1275 393 1315 comis
413 1281 456 1314 et
474 1275 666 1315 urbanus
685 1274 873 1326 liberque
891 1274 1071 1326 videtur,
1348 1275 1406 1316 90

62 1339 222 1380 lnfaeto
240 1341 396 1393 nigris:
425 1352 505 1392 ego
524 1340 561 1379 si
580 1339 663 1390 risi,
684 1339 801 1391 quod
820 1340 991 1392 ineptus

62 1404 260 1445 Pastillos
277 1404 467 1445 Rufillus
485 1404 581 1455 olet,
602 1404 847 1457 Gargonius
865 1405 1045 1456 hircum,

62 1469 243 1510 Lividus
262 1477 304 1510 et
322 1469 503 1509 mordax
521 1469 668 1509 videor
686 1470 763 1509 tibi
774 1469 795 1509 ‘3
852 1470 1014 1510 Mentio
1033 1470 1070 1510 si
1088 1481 1178 1523 qua

62 1535 129 1575 De
149 1535 378 1587 Capitolini
396 1533 518 1574 furtis
537 1535 691 1588 injecta
708 1534 850 1574 Petilli

61 1599 131 1639 Te
149 1612 292 1639 coram
311 1598 448 1650 suerit,
468 1598 688 1650 defendas,
709 1606 758 1639 ut
777 1606 880 1640 tuus
898 1606 963 1639 ωε
981 1612 1098 1640 mos:
1347 1599 1404 1640 95

61 1663 135 1704 Me
154 1663 421 1717 Capitolinus
438 1664 680 1703 convictore
700 1676 807 1704 usus
826 1665 1051 1717 amicoque

61 1729 102 1768 A
119 1741 249 1781 puero
267 1735 342 1780 oet,
361 1741 580 1781 causaque
598 1741 696 1768 mea
714 1729 926 1782 permulta
944 1736 1118 1782 rogatus

61 1793 195 1843 Fecit,
214 1800 268 1844 et,
287 1793 514 1834 incolumis
534 1793 666 1837 laetor
683 1794 800 1846 quod
819 1795 927 1834 vivit
946 1795 992 1835 in
1010 1795 1125 1836 Urbe
1137 1809 1150 1836 :

61 1857 149 1898 Sed
167 1864 310 1898 tamen
329 1858 523 1910 admiror,
542 1871 630 1912 quo
648 1866 772 1912 pacto
784 1859 998 1913 judicium
1016 1859 1127 1900 illud

63 1921 250 1974 Fugerit.
305 1923 389 1963 Hic
407 1924 553 1977 nigrae
572 1936 729 1964 succus
749 1924 945 1976 loliginis,
966 1925 1074 1964 haec
1092 1931 1158 1965 ωσι
1319 1925 1402 1965 100

63 1987 232 2038 Aerugo
249 1999 391 2028 mera:
420 1988 536 2040 quod
555 1988 711 2028 vitium
730 1988 877 2040 procul
895 1987 1039 2028 abfore
1057 1987 1217 2030 chartis

63 2050 204 2102 Atque
223 2052 366 2091 animo
384 2053 511 2104 prius,
532 2060 582 2092 ut
600 2053 636 2092 si
655 2052 761 2104 quid
780 2053 1019 2105 promittere
1036 2052 1091 2093 de
1109 2066 1180 2094 me

64 2114 247 2154 Possum
265 2114 384 2155 aliud
401 2128 511 2167 vere,
530 2117 738 2170 promitto.
795 2117 991 2158 Liberius
1010 2118 1048 2158 si

64 2179 224 2239 Dixero
242 2178 357 2230 quid,
377 2180 415 2219 si
433 2180 536 2220 sorte
548 2182 746 2234 jocosius,
766 2181 848 2222 hoc
867 2182 975 2222 mihi
987 2183 1096 2236 juris

65 2243 178 2283 Cum
198 2243 325 2282 venia
343 2242 477 2283 dabis.
533 2245 727 2286 Insuevit
747 2253 866 2298 pater
883 2248 1070 2300 optimus
1089 2247 1171 2287 hoc
1189 2260 1283 2298 me3
1319 2247 1400 2288 105

71 2306 126 2349 Ut
146 2306 337 2360 fugerem
355 2307 563 2360 exemplis
581 2309 781 2351 vitiorum
798 2323 995 2364 quaeque
1013 2311 1214 2352 notando.

279 2455 331 2487 ⁷9.
356 2454 473 2494 Inquin.
559 2455 614 2488 87.
635 2464 734 2495 met,
749 2458 905 2491 Orelliu.
991 2457 1065 2490 100.
1087 2457 1187 2490 suun.
