1612 2716
174 128 271 175 254
678 141 1017 175 nprs'romuu

641 342 925 382 EPISTOLA
962 342 1067 382 VIL

584 484 653 510 AD
694 484 1110 512 MAECENATEM.

230 611 438 664 Quinque
459 610 550 650 dies
571 610 646 651 tibi
666 611 879 664 pollicitus
899 624 968 651 rne
989 624 1083 651 rure
1104 610 1312 663 futurum,

174 677 382 719 Sextilem
405 683 540 716 toturn
561 676 751 716 mendax
772 676 995 716 desideror.
1057 676 1190 728 Atqui

175 743 222 784 Si
243 755 311 782 me
333 743 474 782 vivere
497 742 560 781 vis
582 754 739 781 sanum
760 748 956 794 recteque
977 741 1194 781 valentem

174 809 325 853 Quam
346 808 451 847 mihi
473 807 551 846 das
572 820 709 860 aegro,
731 807 854 848 dabis
876 814 1092 860 aegrotare
1113 806 1292 858 timenti,

175 874 416 921 Maecenas,
438 873 622 924 veniam,
644 872 751 913 dum
771 873 880 913 ficus
901 873 1037 926 prima
1057 873 1260 925 calorque
1500 870 1530 914 ὅ

175 939 504 991 Designatorem
523 938 693 978 decorat
712 938 931 979 lictoribus
951 938 1064 989 atris,

176 1003 297 1044 Dum
318 1004 458 1056 pueris
479 1004 618 1043 omnis
639 1010 757 1056 pater
776 1011 818 1044 et
837 1004 1072 1044 matercula
1092 1002 1235 1056 pallet,

178 1069 468 1121 Officiosaque
491 1069 697 1109 sedulitas
717 1076 759 1109 et
779 1069 917 1122 opella
938 1069 1116 1109 forensis

177 1134 366 1174 Adducit
386 1134 521 1174 febres
542 1141 584 1174 et
605 1141 860 1175 testamenta
880 1135 1081 1188 resignat.

177 1199 347 1245 Quodsi
369 1201 520 1240 bruma
541 1200 663 1240 nives
684 1201 865 1240 Albanis
886 1201 1022 1241 illinet
1041 1200 1166 1253 agris,
1477 1198 1532 1240 10

179 1265 249 1306 Ad
269 1279 385 1305 mare
406 1265 635 1305 descendet
656 1273 777 1306 vates
798 1274 911 1317 tuus,
933 1273 975 1306 et
995 1266 1075 1306 sibi
1095 1271 1253 1319 parcet,

180 1331 521 1384 Contractusque
543 1332 676 1385 leget;
710 1338 762 1383 te,
784 1332 922 1372 dulcis
943 1332 1091 1383 amice,
1113 1332 1266 1372 reviset

180 1396 294 1436 Cum
316 1397 541 1450 ZephyriS‚
564 1397 600 1436 si
621 1398 840 1448 concedes,
861 1403 903 1436 et
922 1396 1152 1437 hirundine
1171 1396 1320 1449 prima.

180 1462 289 1512 Non,
312 1475 398 1514 quo
420 1475 533 1502 more
555 1462 671 1514 pyris
693 1463 808 1503 vesci
829 1462 1010 1502 Calaber
1023 1462 1146 1516 jubet
1166 1461 1332 1514 hospes,

181 1527 257 1567 Tu
278 1541 345 1567 me
367 1528 501 1567 fecisti
523 1527 1038 1580 locupletem.--Vescere,
1059 1526 1253 1566 sodes.—
1478 1526 1532 1567 15

181 1593 281 1641 Jam
302 1593 405 1632 satis
427 1594 619 1632 est.——At
639 1599 696 1644 tu,
719 1600 932 1645 quantum
953 1593 1030 1643 vis,
1052 1592 1151 1632 tolle
1167 1590 1498 1644 l—Benigne.—

182 1657 284 1697 Non
305 1658 444 1697 invisa
465 1657 572 1697 feres
593 1658 733 1710 pueris
754 1658 1018 1698 munuscula
1039 1657 1254 1710 parvis.—

182 1723 301 1763 Tam
321 1730 464 1762 teneor
483 1722 606 1773 dono,
627 1735 760 1774 quani
780 1723 815 1762 si
836 1722 1024 1762 dimittar
1043 1728 1295 1762 onustus-—

182 1788 242 1828 Ut
263 1788 385 1828 libet:
418 1788 523 1827 haec
544 1788 679 1840 porcis
700 1786 826 1827 hodie
845 1787 1108 1828 comedenda
1128 1788 1407 1840 relinques.-

184 1852 394 1906 Prodigus
415 1860 456 1892 et
475 1853 633 1892 stultus
653 1852 795 1904 donat,
816 1866 927 1906 quae
949 1854 1107 1906 spernit
1126 1860 1168 1894 et
1187 1853 1298 1894 odit:
1475 1853 1533 1896 20

185 1918 304 1958 Haec
325 1931 445 1971 seges
466 1918 652 1971 ingratos
673 1918 771 1958 tulit
790 1925 831 1958 et
850 1918 953 1959 feret
972 1919 1170 1960 omnibus
1191 1919 1329 1961 annis.

185 1983 259 2023 Vir
277 1983 415 2023 bonus
438 1990 480 2023 et
501 1983 670 2036 sapiens
689 1983 830 2037 dignis
849 1984 910 2024 ait
928 1997 1019 2024 esse
1039 1992 1224 2037 paratus,

185 2048 276 2090 Nec
298 2056 442 2089 tamen
463 2050 639 2102 ignorat,
661 2049 766 2102 quid
787 2049 943 2090 distent
963 2063 1063 2090 aera
1083 2050 1254 2103 lupinis.

186 2113 381 2166 Dignum
401 2115 623 2166 praestabo
643 2127 711 2154 me
731 2115 863 2154 etiam
883 2128 955 2168 pro
975 2115 1102 2156 laude
1124 2115 1334 2157 merentis.

185 2178 356 2225 Quodsi
377 2192 445 2219 me
468 2179 584 2219 noles
605 2192 791 2232 usquam
812 2180 1037 2232 discedere,
1059 2181 1208 2222 reddes
1477 2179 1533 2222 25

188 2247 313 2288 Forte
334 2245 458 2296 latus,
479 2246 623 2298 nigros
643 2252 828 2298 angusta
849 2246 983 2287 fronte
1003 2247 1189 2300 capillos,
1341 2236 1349 2241 ’

385 2376 424 2408 Ε.
440 2377 494 2409 vii.
510 2375 542 2408 3.
565 2382 711 2416 recteque
728 2376 834 2408 videre
850 2377 1021 2413 valentem.
1115 2378 1162 2410 19.
1186 2378 1348 2418 relinquis.

748 2425 800 2461 22.
823 2436 978 2469 paratum.
