1650 2730
470 210 699 246 ummn.
765 211 922 245 (LXX.

245 315 517 369 Quanquam
534 316 699 356 choreis
717 316 854 369 aptior
870 321 915 355 et
925 314 1035 370 Joois

244 381 456 434 Ludoque
475 379 628 432 dietus,
648 393 736 422 non
755 388 822 421 sat
841 380 1021 422 idoneus

300 446 480 500 Pugnae
498 445 720 499 ferebasis3
751 446 828 486 sed
845 446 963 487 idem

356 511 484 552 Pacis
500 524 595 552 eras
612 511 867 564 mediusque
884 510 1000 552 belli.

246 648 317 690 'l'e
333 648 443 690 vidit
460 649 609 690 insons
628 650 839 690 Cerberus
857 662 988 691 aureo

246 714 392 755 Cornu
410 715 623 766 decorum,
643 715 792 757 leniter
809 723 994 756 atterens

302 778 512 830 Cantium,
531 786 575 820 et
593 780 830 821 recedentis
849 780 1042 834 trilingui

354 843 441 885 Ore
457 843 587 897 pedae
606 845 826 899 tetigitque
843 858 980 887 crura.

512 1229 750 1268 GARMEN
789 1230 882 1269 XX.

431 1368 501 1396 AD
542 1369 961 1398 MAECENATEM.

217 1492 316 1534 Non
335 1493 495 1534 usitata
512 1506 593 1535 nec
611 1495 731 1535 tenui
748 1494 859 1536 ferar

214 1557 366 1598 Penna
383 1558 574 1598 biformis
593 1572 667 1611 per
685 1559 900 1612 liquidum
918 1560 1096 1602 aethera

270 1622 411 1672 Vates,
431 1634 571 1675 neque
591 1623 637 1663 in
655 1624 774 1664 terris
792 1626 987 1666 morabor

325 1685 530 1740 Longius,
550 1688 798 1741 invidiaque
816 1690 950 1744 major

212 1822 350 1863 Urbes
367 1824 618 1879 relinquam.
674 1827 775 1868 Non
793 1841 884 1882 ego,
904 1841 1143 1883 pauperum

214 1887 401 1941 Sanguis
419 1898 656 1943 parentum,
676 1905 764 1933 non
782 1906 873 1946 ego,
893 1907 1025 1947 quem
1042 1907 1185 1948 vocas,

270 1952 433 1994 Dilecte
452 1956 693 2008 Maecenas,
712 1958 848 2007 obib0‚

325 2017 415 2060 Nec
433 2020 586 2074 Stygia
603 2022 829 2063 cohibebor
846 2022 979 2064 unda.

213 2155 314 2196 Jam
326 2156 420 2210 jam
437 2159 629 2200 residunt
647 2162 842 2202 cruribus
860 2175 1035 2216 asperae

213 2219 363 2271 Pelles,
382 2228 426 2261 et
441 2223 591 2264 album
609 2233 751 2266 mutor
768 2226 815 2266 in
834 2227 981 2268 alitem

268 2285 471 2338 Supeme,
490 2297 811 2344 nascunturque
829 2291 946 2332 leves

323 2349 406 2391 Per
421 2351 575 2406 digitos
592 2355 879 2410 humerosque
897 2357 1084 2410 plumae.

294 2478 334 2511 G.
348 2489 404 2511 xx.
420 2481 451 2512 1.
474 2481 671 2515 Non—non.
845 2486 897 2516 11.
920 2485 1076 2525 θυμω».

1303 196 1372 248 6³1·

1306 2230 1361 2271 10
