1612 2716
537 223 752 260 mr.
813 225 994 262 avm.
1344 212 1442 268 lfl

93 325 229 370 ffime
243 323 407 370 vexare
423 327 579 381 loemii,
598 341 729 371 curae
746 336 851 372 sunt
866 337 999 385 aque
1016 331 1162 384 labori,

92 384 327 439 Quantum
343 393 606 436 carminibus
623 408 738 449 quae
756 404 930 438 versant
946 404 1078 451 atque
1096 399 1275 441 menis

93 459 323 500 Humanos
341 462 534 501 animos·
563 461 644 502 bas
663 461 784 502 nullo
801 462 974 516 perdere
991 476 1170 517 possum
1382 466 1442 508 2⁰

94 525 580 578 Necpmhibemmodo,
601 527 1284 582 simulacvagalunadeeorum

95 590 275 630 Protulit
292 603 353 641 oe,
372 591 479 644 quin
496 604 597 632 ossa
614 592 762 646 legant
780 594 1020 647 herbasque
1038 603 1255 638 nocentes.

94 655 193 696 Vidi
209 663 378 709 egomet
395 657 519 710 nigra
537 658 803 700 succinctam
820 659 977 701 vadere
995 661 1122 714 palla

93 720 324 762 Canidiam
342 722 523 775 pedibus
542 723 673 764 nudis
690 737 905 778 passoque
921 727 1090 780 capillo,

93 785 209 826 Cum
225 786 402 840 Sagana
420 790 577 842 majore
595 789 863 843 ululantem,
892 791 1030 845 pallor
1048 800 1252 848 utrasque
1383 796 1441 837 25

92 851 271 892 Feeerat
290 853 521 894 horrendas
540 854 758 908 adspectu.
815 857 1015 911 Sealpere
1035 866 1191 901 terram

91 916 322 970 Unguibus
338 926 382 959 et
398 919 566 972 pullam
583 920 785 963 divellere
803 922 1019 964 mordicus
1037 937 1199 978 agnam

92 982 356 1035 Coeperunt:
383 997 509 1026 emor
525 987 571 1027 in
589 986 752 1028 fosmm
769 988 990 1040 confusus,
1010 997 1060 1030 ut
1078 990 1179 1031 inde

93 1046 248 1087 Manoe
264 1049 462 1090 elicerent
479 1052 650 1092 animas
667 1066 871 1106 raeponsa
889 1054 1077 1095 daturas.

91 1111 242 1152 Lanea
259 1119 303 1153 et
320 1113 483 1167 effigioe
500 1124 602 1166 erat,
621 1118 755 1158 altera
772 1132 920 1160 cerea:
950 1123 1086 1174 major
1381 1122 1440 1164 30

90 1176 253 1229 Lanea,
272 1191 386 1230 quae
404 1181 552 1231 poenis
569 1191 856 1234 00th
874 1184 1125 1226 inferiorem.

91 1243 226 1283 Cerea
245 1244 492 1296 suppliciter
509 1246 660 1297 stabat,
681 1249 906 1288 servilibus
924 1258 974 1289 ut
992 1263 1105 1302 quae

89 1308 191 1348 Jam
208 1309 393 1362 peritura
411 1310 563 1350 modis.
620 1311 813 1353 Hecaten
832 1321 958 1354 vocat
977 1315 1121 1366 altera,
1141 1328 1320 1359 saevam

89 1373 237 1414 Altera
255 1374 537 1428 Tisiphonen.
594 1377 821 1430 Serpentes
840 1386 971 1432 atque
989 1380 1157 1422 videres

19 1456 27 1461 ·
88 1437 285 1480 Infernas
303 1453 440 1480 errare
457 1453 600 1493 canoe,
622 1442 859 1496 lunamque
877 1445 1114 1497 rubentem,
1378 1448 1436 1490 35

86 1502 155 1545 Ne
172 1504 279 1545 foret
299 1506 368 1546 his
386 1507 516 1557 tamis,
536 1515 633 1560 post
649 1520 811 1561 magna
829 1509 959 1550 latere
978 1511 1217 1564 sepulchra.

86 1569 270 1610 Mentior
287 1579 333 1610 at
352 1572 390 1610 si
408 1572 525 1623 quid,
544 1573 702 1613 merdis
719 1581 852 1627 caput
869 1575 1068 1628 inquiner
1086 1577 1196 1618 albis

86 1635 322 1677 Corvorum
339 1645 470 1690 atque
489 1639 535 1678 in
554 1652 623 1679 me
642 1640 789 1679 veniat
806 1641 991 1682 mictum
1009 1649 1140 1695 atque
1157 1650 1360 1685 cacatum

85 1699 230 1740 Julius
248 1709 292 1742 et
309 1702 472 1756 fragilis
491 1704 685 1744 Pediatia
702 1704 857 1758 fumue
878 1706 1088 1748 Vol-anus.

84 1765 269 1818 Singula
286 1768 393 1820 quid
411 1782 643 1810 memorem
654 1771 675 1811 21
702 1783 790 1823 quo
808 1779 935 1825 paeto
953 1773 1119 1814 alterna
1132 1774 1358 1827 loquentoe
1374 1775 1433 1816 4⁰

84 1829 273 1872 Umbrae
290 1846 394 1874 cum
411 1834 588 1887 Sagana
605 1844 850 1877 resonarent
868 1839 985 1878 triste
1003 1846 1047 1879 et
1065 1847 1257 1892 acutum,

85 1894 230 1947 thue
250 1896 341 1950 lupi
358 1898 536 1940 barbam
554 1901 701 1941 variae
718 1915 822 1942 cum
840 1902 968 1943 dente
985 1904 1189 1945 oolubme

83 1961 337 2003 Abdiderint
355 1962 503 2004 furtim
521 1966 655 2016 terris,
674 1974 717 2006 et
735 1967 925 2020 imagine
943 1982 1067 2009 cerea

82 2025 259 2080 Largior
275 2029 424 2068 arserit
441 2029 566 2082 ignis,
584 2038 629 2070 et
647 2038 697 2071 ut
713 2043 801 2071 uon
821 2033 941 2072 toetis
958 2033 1126 2074 inultus

82 2091 328 2133 Horruerim
346 2106 476 2134 voees
495 2095 727 2137 Furiarum
745 2104 788 2136 et
805 2096 921 2138 facta
939 2098 1138 2140 duarum.
1369 2102 1427 2144 45

83 2155 210 2206 Nam,
228 2157 417 2210 displosa
434 2168 558 2201 sonat
575 2170 790 2214 quantum
807 2164 963 2214 vaeiea,
982 2165 1146 2218 pepedi,

84 2219 262 2260 Diffissa
280 2230 380 2262 nate
398 2223 534 2273 ficus3
563 2233 610 2266 at
627 2227 727 2268 illae
745 2241 912 2269 currere
931 2230 976 2269 ιιι
996 2231 1159 2272 urbem.

82 2284 290 2326 Canidiae
307 2286 469 2339 dentoe,
487 2289 627 2331 altum
643 2291 843 2346 Saganae
860 2295 1128 2338 caliendrum

295 2437 703 2486 §.nmium-j.
787 2447 843 2477 41.
865 2447 1209 2490 mmmdcc-q·-

626 2495 882 2531 &mn-edm.
