1650 2730
147 139 212 186 20

681 153 948 187 GARMINUM

624 352 865 393 GARMEN
894 354 1012 394 XVI.

598 494 681 522 AD
728 495 1040 524 AMICAM.

365 619 404 661 Ο
425 627 559 660 matre
578 621 760 674 pulchra
780 621 870 662 filia
890 622 1115 675 pulchrior,

363 686 509 730 Quem
530 686 769 727 criminosis
789 700 961 740 cunque
981 688 1099 728 voles
1118 689 1299 731 modum

419 751 558 791 Pones
579 749 744 804 iambis,
769 753 860 792 sive
880 752 1060 794 flamma

473 816 575 858 Sive
594 817 703 858 mari
723 817 825 858 libet
843 817 1078 859 Hadriano.

361 946 460 987 Non
481 946 768 1000 Dindymene,
789 960 877 989 non
897 947 1039 1002 adytis
1059 949 1200 1002 quatit

362 1012 555 1053 Mentem
575 1012 845 1054 sacerdotum
866 1014 1007 1054 incola
1027 1014 1225 1068 Pythius,

417 1077 515 1118 Non
535 1078 663 1118 Liber
682 1092 830 1132 aeque,
852 1092 940 1120 non
960 1087 1091 1120 acuta
1262 1128 1266 1129 ⁷

473 1143 545 1184 Sic
566 1144 788 1197 geminant
808 1145 1077 1199 Corybantes
1097 1159 1210 1198 aera,

360 1274 526 1314 Tristes
546 1280 595 1315 ut
614 1274 711 1327 irae,
733 1288 844 1328 quas
863 1289 1004 1330 neque
1026 1276 1209 1318 Noricus

361 1339 554 1380 Deterret
572 1341 698 1392 ensis,
719 1354 799 1381 nec
819 1354 936 1382 mare
955 1341 1228 1395 naufragum,

417 1405 507 1445 Nec
530 1418 686 1446 saevus
706 1407 828 1459 ignis,
849 1419 929 1446 nec
950 1406 1168 1447 tremendo

474 1470 640 1523 Jupiter
658 1471 748 1523 ipse
768 1483 898 1511 ruens
918 1471 1120 1512 tumultu.

360 1599 514 1639 Fertur
532 1599 823 1651 Prometheus,
845 1599 1001 1640 addere
1020 1601 1200 1654 principi

357 1664 484 1705 Limo
504 1671 680 1705 coactus
700 1665 957 1718 particulam
977 1665 1171 1718 undique

414 1730 654 1781 Desectam,
675 1737 718 1769 et
737 1730 878 1770 insani
900 1730 1034 1771 leonis

470 1794 569 1835 Vim
589 1795 809 1837 stomacho
829 1796 1077 1849 apposuisse
1096 1802 1251 1838 nostro.

356 1925 449 1965 Irae
470 1925 697 1978 Thyesten
716 1925 847 1966 exitio
867 1925 988 1979 gravi

355 1990 564 2041 Stravere‚
585 1997 628 2030 et
647 1991 745 2031 altis
765 1991 942 2032 urbibus
963 1991 1141 2032 ultimae

411 2055 572 2096 Stetere
591 2069 760 2108 causae,
781 2069 859 2097 cur
877 2050 1059 2109 perirent

467 2121 696 2173 Funditus,
717 2122 1060 2175 imprimeretque
1080 2123 1214 2164 muris

353 2250 519 2313 Hostile
540 2257 729 2292 aratrum
748 2252 961 2292 exercitus
982 2251 1181 2293 insolens.

353 2316 587 2370 Compesce
606 2323 820 2371 mentem;
852 2330 921 2358 me
940 2330 1111 2371 quoque
1134 2319 1314 2372 pectoris

606 2448 646 2482 C.
661 2450 727 2482 xvi.
743 2449 775 2482 8.
800 2449 847 2488 Si,
863 2449 903 2481 de
918 2451 1003 2493 conj.

1444 1345 1498 1386 10

1439 1733 1494 1775 15
