<?xml version="1.0" encoding="UTF-8"?>
<!DOCTYPE html PUBLIC "-//W3C//DTD XHTML 1.0 Transitional//EN"
    "http://www.w3.org/TR/xhtml1/DTD/xhtml1-transitional.dtd">
<html xmlns="http://www.w3.org/1999/xhtml" xml:lang="en" lang="en">
 <head>
  <title>
</title>
<meta http-equiv="Content-Type" content="text/html;charset=utf-8" />
  <meta name='ocr-system' content='tesseract 3.04.00' />
  <meta name='ocr-capabilities' content='ocr_page ocr_carea ocr_par ocr_line ocrx_word'/>
</head>
<body>
  <div class='ocr_page' id='page_1' title='image "./workswithenglis00horauoft_0134.png"; bbox 0 0 1650 2730; ppageno 0'>
   <div class='ocr_carea' id='block_1_1' title="bbox 182 173 254 220">
    <p class='ocr_par' dir='ltr' id='par_1_1' title="bbox 182 173 254 220">
     <span class='ocr_line' id='line_1_1' title="bbox 182 173 254 220; baseline 0 0"><span class='ocrx_word' id='word_1_1' title='bbox 182 173 254 220; x_wconf 50' lang='lat'>90*</span> 
     </span>
    </p>
   </div>
   <div class='ocr_carea' id='block_1_2' title="bbox 721 182 987 216">
    <p class='ocr_par' dir='ltr' id='par_1_2' title="bbox 721 182 987 216">
     <span class='ocr_line' id='line_1_2' title="bbox 721 182 987 216; baseline 0.004 -1"><span class='ocrx_word' id='word_1_2' title='bbox 721 182 987 216; x_wconf 64' lang='lat' dir='ltr'>omma</span> 
     </span>
    </p>
   </div>
   <div class='ocr_carea' id='block_1_3' title="bbox 403 285 1087 394">
    <p class='ocr_par' dir='ltr' id='par_1_3' title="bbox 403 285 1087 394">
     <span class='ocr_line' id='line_1_3' title="bbox 403 285 1087 342; baseline -0.003 -12"><span class='ocrx_word' id='word_1_3' title='bbox 403 287 568 342; x_wconf 83' lang='lat' dir='ltr'>Impiae</span> <span class='ocrx_word' id='word_1_4' title='bbox 587 298 767 339; x_wconf 82' lang='lat' dir='ltr'>sponsos</span> <span class='ocrx_word' id='word_1_5' title='bbox 785 292 960 339; x_wconf 82' lang='lat' dir='ltr'>potuere</span> <span class='ocrx_word' id='word_1_6' title='bbox 977 285 1087 328; x_wconf 85' lang='lat' dir='ltr'>duro</span> 
     </span>
     <span class='ocr_line' id='line_1_4' title="bbox 514 350 833 394; baseline -0.006 0"><span class='ocrx_word' id='word_1_7' title='bbox 514 351 695 394; x_wconf 79' lang='lat' dir='ltr'>Perdere</span> <span class='ocrx_word' id='word_1_8' title='bbox 713 350 833 392; x_wconf 88' lang='lat' dir='ltr'>ferro.</span> 
     </span>
    </p>
   </div>
   <div class='ocr_carea' id='block_1_4' title="bbox 402 479 1264 728">
    <p class='ocr_par' dir='ltr' id='par_1_4' title="bbox 403 479 1079 534">
     <span class='ocr_line' id='line_1_5' title="bbox 403 479 1079 534; baseline -0.006 -10"><span class='ocrx_word' id='word_1_9' title='bbox 403 482 505 524; x_wconf 86' lang='lat' dir='ltr'>Una</span> <span class='ocrx_word' id='word_1_10' title='bbox 523 481 577 523; x_wconf 88' lang='lat' dir='ltr'>de</span> <span class='ocrx_word' id='word_1_11' title='bbox 596 481 756 533; x_wconf 89' lang='lat' dir='ltr'>multis,</span> <span class='ocrx_word' id='word_1_12' title='bbox 777 480 871 521; x_wconf 82' lang='lat' dir='ltr'>face</span> <span class='ocrx_word' id='word_1_13' title='bbox 894 479 1079 534; x_wconf 81' lang='lat' dir='ltr'><strong>nuptiali</strong></span> 
     </span>
    </p>

    <p class='ocr_par' dir='ltr' id='par_1_5' title="bbox 403 546 1206 601">
     <span class='ocr_line' id='line_1_6' title="bbox 403 546 1206 601; baseline -0.004 -12"><span class='ocrx_word' id='word_1_14' title='bbox 403 549 560 601; x_wconf 83' lang='lat' dir='ltr'>Digna,</span> <span class='ocrx_word' id='word_1_15' title='bbox 582 548 799 601; x_wconf 77' lang='lat' dir='ltr'>perjurum</span> <span class='ocrx_word' id='word_1_16' title='bbox 818 546 900 586; x_wconf 85' lang='lat' dir='ltr'>fuit</span> <span class='ocrx_word' id='word_1_17' title='bbox 919 546 965 586; x_wconf 90' lang='lat' dir='ltr'>in</span> <span class='ocrx_word' id='word_1_18' title='bbox 984 551 1206 599; x_wconf 87' lang='lat' dir='ltr'>parentem</span> 
     </span>
    </p>

    <p class='ocr_par' dir='ltr' id='par_1_6' title="bbox 402 611 1264 728">
     <span class='ocr_line' id='line_1_7' title="bbox 402 611 1264 668; baseline -0.005 -12"><span class='ocrx_word' id='word_1_19' title='bbox 402 612 634 668; x_wconf 72' lang='lat' dir='ltr'><strong>Splendida</strong></span> <span class='ocrx_word' id='word_1_20' title='bbox 655 611 846 652; x_wconf 84' lang='lat' dir='ltr'>mendax</span> <span class='ocrx_word' id='word_1_21' title='bbox 866 618 908 652; x_wconf 89' lang='lat' dir='ltr'>et</span> <span class='ocrx_word' id='word_1_22' title='bbox 927 612 975 653; x_wconf 90' lang='lat' dir='ltr'>in</span> <span class='ocrx_word' id='word_1_23' title='bbox 993 624 1120 653; x_wconf 84' lang='lat' dir='ltr'>omne</span> <span class='ocrx_word' id='word_1_24' title='bbox 1139 611 1264 666; x_wconf 75' lang='lat' dir='ltr'>virgo</span> 
     </span>
     <span class='ocr_line' id='line_1_8' title="bbox 513 678 869 728; baseline -0.006 -8"><span class='ocrx_word' id='word_1_25' title='bbox 513 678 679 720; x_wconf 83' lang='lat' dir='ltr'>Nobilis</span> <span class='ocrx_word' id='word_1_26' title='bbox 698 690 869 728; x_wconf 83' lang='lat' dir='ltr'>aevum,</span> 
     </span>
    </p>
   </div>
   <div class='ocr_carea' id='block_1_5' title="bbox 400 808 1384 1055">
    <p class='ocr_par' dir='ltr' id='par_1_7' title="bbox 401 808 1160 864">
     <span class='ocr_line' id='line_1_9' title="bbox 401 808 1160 864; baseline -0.004 -12"><span class='ocrx_word' id='word_1_27' title='bbox 401 810 549 864; x_wconf 86' lang='lat' dir='ltr'>Surge,</span> <span class='ocrx_word' id='word_1_28' title='bbox 571 822 683 863; x_wconf 85' lang='lat' dir='ltr'>quae</span> <span class='ocrx_word' id='word_1_29' title='bbox 703 809 812 850; x_wconf 88' lang='lat' dir='ltr'><strong>dixit</strong></span> <span class='ocrx_word' id='word_1_30' title='bbox 826 809 976 863; x_wconf 84' lang='lat' dir='ltr'>juveni</span> <span class='ocrx_word' id='word_1_31' title='bbox 995 808 1160 861; x_wconf 87' lang='lat' dir='ltr'>marito,</span> 
     </span>
    </p>

    <p class='ocr_par' dir='ltr' id='par_1_8' title="bbox 401 873 1250 929">
     <span class='ocr_line' id='line_1_10' title="bbox 401 873 1250 929; baseline -0.004 -12"><span class='ocrx_word' id='word_1_32' title='bbox 401 877 550 929; x_wconf 87' lang='lat' dir='ltr'>Surge,</span> <span class='ocrx_word' id='word_1_33' title='bbox 571 889 626 915; x_wconf 89' lang='lat' dir='ltr'>ne</span> <span class='ocrx_word' id='word_1_34' title='bbox 648 876 802 928; x_wconf 87' lang='lat' dir='ltr'>longus</span> <span class='ocrx_word' id='word_1_35' title='bbox 823 875 900 915; x_wconf 91' lang='lat' dir='ltr'>tibi</span> <span class='ocrx_word' id='word_1_36' title='bbox 921 887 1109 926; x_wconf 89' lang='lat' dir='ltr'>somnus,</span> <span class='ocrx_word' id='word_1_37' title='bbox 1132 873 1250 914; x_wconf 85' lang='lat' dir='ltr'>unde</span> 
     </span>
    </p>

    <p class='ocr_par' dir='ltr' id='par_1_9' title="bbox 400 938 1384 1055">
     <span class='ocr_line' id='line_1_11' title="bbox 400 938 1339 992; baseline -0.002 -10"><span class='ocrx_word' id='word_1_38' title='bbox 400 941 501 983; x_wconf 91' lang='lat' dir='ltr'>Non</span> <span class='ocrx_word' id='word_1_39' title='bbox 521 941 656 991; x_wconf 85' lang='lat' dir='ltr'>times,</span> <span class='ocrx_word' id='word_1_40' title='bbox 678 940 827 992; x_wconf 80' lang='lat' dir='ltr'>detur3</span> <span class='ocrx_word' id='word_1_41' title='bbox 860 952 1055 980; x_wconf 86' lang='lat' dir='ltr'>socerum</span> <span class='ocrx_word' id='word_1_42' title='bbox 1074 946 1117 980; x_wconf 88' lang='lat' dir='ltr'>et</span> <span class='ocrx_word' id='word_1_43' title='bbox 1135 938 1339 980; x_wconf 79' lang='lat' dir='ltr'>scelestas</span> 
     </span>
     <span class='ocr_line' id='line_1_12' title="bbox 513 991 1384 1055; baseline -0.007 -8"><span class='ocrx_word' id='word_1_44' title='bbox 513 1005 636 1047; x_wconf 72' lang='lat' dir='ltr'>Faue</span> <span class='ocrx_word' id='word_1_45' title='bbox 656 1017 829 1055; x_wconf 87' lang='lat' dir='ltr'>sorores,</span> <span class='ocrx_word' id='word_1_46' title='bbox 1376 991 1384 999; x_wconf 51' lang='lat'>⁸</span> 
     </span>
    </p>
   </div>
   <div class='ocr_carea' id='block_1_6' title="bbox 401 1133 1276 1373">
    <p class='ocr_par' dir='ltr' id='par_1_10' title="bbox 401 1133 1239 1187">
     <span class='ocr_line' id='line_1_13' title="bbox 401 1133 1239 1187; baseline -0.002 -11"><span class='ocrx_word' id='word_1_47' title='bbox 401 1136 542 1187; x_wconf 79' lang='lat' dir='ltr'>Quae,</span> <span class='ocrx_word' id='word_1_48' title='bbox 563 1135 683 1176; x_wconf 87' lang='lat' dir='ltr'>velut</span> <span class='ocrx_word' id='word_1_49' title='bbox 701 1141 853 1176; x_wconf 84' lang='lat' dir='ltr'>nactae</span> <span class='ocrx_word' id='word_1_50' title='bbox 873 1133 1032 1175; x_wconf 87' lang='lat' dir='ltr'>vitulos</span> <span class='ocrx_word' id='word_1_51' title='bbox 1050 1133 1239 1185; x_wconf 78' lang='lat' dir='ltr'>leaenae,</span> 
     </span>
    </p>

    <p class='ocr_par' dir='ltr' id='par_1_11' title="bbox 401 1198 1276 1254">
     <span class='ocr_line' id='line_1_14' title="bbox 401 1198 1276 1254; baseline -0.003 -12"><span class='ocrx_word' id='word_1_52' title='bbox 401 1201 616 1254; x_wconf 85' lang='lat' dir='ltr'>Singulos,</span> <span class='ocrx_word' id='word_1_53' title='bbox 638 1201 778 1241; x_wconf 87' lang='lat' dir='ltr'>eheu!</span> <span class='ocrx_word' id='word_1_54' title='bbox 810 1201 1014 1240; x_wconf 83' lang='lat' dir='ltr'>lacerant.</span> <span class='ocrx_word' id='word_1_55' title='bbox 1074 1199 1171 1253; x_wconf 88' lang='lat' dir='ltr'>Ego</span> <span class='ocrx_word' id='word_1_56' title='bbox 1189 1198 1276 1240; x_wconf 84' lang='lat' dir='ltr'><strong>illis</strong></span> 
     </span>
    </p>

    <p class='ocr_par' dir='ltr' id='par_1_12' title="bbox 402 1264 1200 1373">
     <span class='ocr_line' id='line_1_15' title="bbox 402 1264 1200 1319; baseline -0.003 -11"><span class='ocrx_word' id='word_1_57' title='bbox 402 1266 571 1308; x_wconf 87' lang='lat' dir='ltr'><strong>Mollior</strong></span> <span class='ocrx_word' id='word_1_58' title='bbox 589 1279 670 1306; x_wconf 86' lang='lat' dir='ltr'>nee</span> <span class='ocrx_word' id='word_1_59' title='bbox 690 1272 731 1306; x_wconf 86' lang='lat' dir='ltr'>te</span> <span class='ocrx_word' id='word_1_60' title='bbox 752 1264 906 1306; x_wconf 82' lang='lat' dir='ltr'>feriam</span> <span class='ocrx_word' id='word_1_61' title='bbox 926 1278 1067 1319; x_wconf 88' lang='lat' dir='ltr'>neque</span> <span class='ocrx_word' id='word_1_62' title='bbox 1086 1265 1200 1307; x_wconf 80' lang='lat' dir='ltr'>intra</span> 
     </span>
     <span class='ocr_line' id='line_1_16' title="bbox 514 1332 898 1373; baseline 0 -1"><span class='ocrx_word' id='word_1_63' title='bbox 514 1332 716 1373; x_wconf 85' lang='lat' dir='ltr'>Claustra</span> <span class='ocrx_word' id='word_1_64' title='bbox 735 1332 898 1373; x_wconf 84' lang='lat' dir='ltr'>tenebo.</span> 
     </span>
    </p>
   </div>
   <div class='ocr_carea' id='block_1_7' title="bbox 402 1461 1318 1709">
    <p class='ocr_par' dir='ltr' id='par_1_13' title="bbox 403 1461 1131 1516">
     <span class='ocr_line' id='line_1_17' title="bbox 403 1461 1131 1516; baseline -0.005 -12"><span class='ocrx_word' id='word_1_65' title='bbox 403 1464 475 1505; x_wconf 85' lang='lat' dir='ltr'>Me</span> <span class='ocrx_word' id='word_1_66' title='bbox 496 1468 615 1516; x_wconf 82' lang='lat' dir='ltr'>pater</span> <span class='ocrx_word' id='word_1_67' title='bbox 634 1461 775 1501; x_wconf 82' lang='lat' dir='ltr'>saevis</span> <span class='ocrx_word' id='word_1_68' title='bbox 794 1465 939 1501; x_wconf 87' lang='lat' dir='ltr'>oneret</span> <span class='ocrx_word' id='word_1_69' title='bbox 956 1466 1131 1511; x_wconf 44' lang='lat' dir='ltr'>canem&amp;</span> 
     </span>
    </p>

    <p class='ocr_par' dir='ltr' id='par_1_14' title="bbox 402 1524 1241 1578">
     <span class='ocr_line' id='line_1_18' title="bbox 402 1524 1241 1578; baseline -0.002 -11"><span class='ocrx_word' id='word_1_70' title='bbox 402 1527 536 1573; x_wconf 80' lang='lat' dir='ltr'>Quod</span> <span class='ocrx_word' id='word_1_71' title='bbox 555 1527 646 1566; x_wconf 83' lang='lat' dir='ltr'>viro</span> <span class='ocrx_word' id='word_1_72' title='bbox 666 1526 855 1565; x_wconf 82' lang='lat' dir='ltr'>clemens</span> <span class='ocrx_word' id='word_1_73' title='bbox 876 1525 1028 1565; x_wconf 87' lang='lat' dir='ltr'>misero</span> <span class='ocrx_word' id='word_1_74' title='bbox 1047 1524 1214 1578; x_wconf 83' lang='lat' dir='ltr'>peperci</span> <span class='ocrx_word' id='word_1_75' title='bbox 1230 1538 1241 1576; x_wconf 92' lang='lat'>;</span> 
     </span>
    </p>

    <p class='ocr_par' dir='ltr' id='par_1_15' title="bbox 403 1589 1318 1709">
     <span class='ocr_line' id='line_1_19' title="bbox 403 1589 1318 1643; baseline -0.003 -10"><span class='ocrx_word' id='word_1_76' title='bbox 403 1593 475 1633; x_wconf 87' lang='lat' dir='ltr'>Me</span> <span class='ocrx_word' id='word_1_77' title='bbox 495 1593 563 1631; x_wconf 87' lang='lat' dir='ltr'>vel</span> <span class='ocrx_word' id='word_1_78' title='bbox 584 1596 796 1630; x_wconf 86' lang='lat' dir='ltr'>extremos</span> <span class='ocrx_word' id='word_1_79' title='bbox 816 1589 1107 1631; x_wconf 86' lang='lat' dir='ltr'>Numidarum</span> <span class='ocrx_word' id='word_1_80' title='bbox 1126 1589 1172 1630; x_wconf 91' lang='lat' dir='ltr'>in</span> <span class='ocrx_word' id='word_1_81' title='bbox 1191 1601 1318 1643; x_wconf 80' lang='lat' dir='ltr'>agros</span> 
     </span>
     <span class='ocr_line' id='line_1_20' title="bbox 515 1655 851 1709; baseline -0.003 -12"><span class='ocrx_word' id='word_1_82' title='bbox 515 1655 664 1697; x_wconf 74' lang='lat' dir='ltr'><strong>Classe</strong></span> <span class='ocrx_word' id='word_1_83' title='bbox 683 1655 851 1709; x_wconf 88' lang='lat' dir='ltr'>releget.</span> 
     </span>
    </p>
   </div>
   <div class='ocr_carea' id='block_1_8' title="bbox 402 1784 1258 2036">
    <p class='ocr_par' dir='ltr' id='par_1_16' title="bbox 402 1784 1167 1839">
     <span class='ocr_line' id='line_1_21' title="bbox 402 1784 1167 1839; baseline -0.003 -12"><span class='ocrx_word' id='word_1_84' title='bbox 402 1786 436 1837; x_wconf 92' lang='lat' dir='ltr'>I,</span> <span class='ocrx_word' id='word_1_85' title='bbox 457 1784 586 1839; x_wconf 90' lang='lat' dir='ltr'>pedes</span> <span class='ocrx_word' id='word_1_86' title='bbox 606 1797 691 1838; x_wconf 92' lang='lat' dir='ltr'>quo</span> <span class='ocrx_word' id='word_1_87' title='bbox 712 1791 753 1825; x_wconf 89' lang='lat' dir='ltr'>te</span> <span class='ocrx_word' id='word_1_88' title='bbox 773 1785 945 1838; x_wconf 83' lang='lat' dir='ltr'>rapiunt</span> <span class='ocrx_word' id='word_1_89' title='bbox 963 1791 1006 1825; x_wconf 89' lang='lat' dir='ltr'>et</span> <span class='ocrx_word' id='word_1_90' title='bbox 1025 1797 1167 1836; x_wconf 83' lang='lat' dir='ltr'>aurae,</span> 
     </span>
    </p>

    <p class='ocr_par' dir='ltr' id='par_1_17' title="bbox 407 1847 1258 1902">
     <span class='ocr_line' id='line_1_22' title="bbox 407 1847 1258 1902; baseline -0.002 -11"><span class='ocrx_word' id='word_1_91' title='bbox 407 1851 527 1892; x_wconf 90' lang='lat' dir='ltr'>Dum</span> <span class='ocrx_word' id='word_1_92' title='bbox 547 1850 664 1891; x_wconf 82' lang='lat' dir='ltr'>favet</span> <span class='ocrx_word' id='word_1_93' title='bbox 682 1863 771 1890; x_wconf 84' lang='lat' dir='ltr'>nox</span> <span class='ocrx_word' id='word_1_94' title='bbox 791 1857 833 1891; x_wconf 92' lang='lat' dir='ltr'>et</span> <span class='ocrx_word' id='word_1_95' title='bbox 853 1851 1011 1902; x_wconf 87' lang='lat' dir='ltr'>Venus,</span> <span class='ocrx_word' id='word_1_96' title='bbox 1033 1851 1048 1891; x_wconf 92' lang='lat' dir='ltr'><strong>i</strong></span> <span class='ocrx_word' id='word_1_97' title='bbox 1066 1847 1258 1890; x_wconf 81' lang='lat' dir='ltr'>secundo</span> 
     </span>
    </p>

    <p class='ocr_par' dir='ltr' id='par_1_18' title="bbox 405 1914 1256 2036">
     <span class='ocr_line' id='line_1_23' title="bbox 405 1914 1256 1969; baseline -0.002 -11"><span class='ocrx_word' id='word_1_98' title='bbox 405 1916 575 1968; x_wconf 87' lang='lat' dir='ltr'>Omine,</span> <span class='ocrx_word' id='word_1_99' title='bbox 596 1923 638 1956; x_wconf 90' lang='lat' dir='ltr'>et</span> <span class='ocrx_word' id='word_1_100' title='bbox 656 1916 789 1957; x_wconf 87' lang='lat' dir='ltr'>nostri</span> <span class='ocrx_word' id='word_1_101' title='bbox 808 1928 1041 1957; x_wconf 88' lang='lat' dir='ltr'>memorem</span> <span class='ocrx_word' id='word_1_102' title='bbox 1059 1914 1256 1969; x_wconf 85' lang='lat' dir='ltr'>sepulcro</span> 
     </span>
     <span class='ocr_line' id='line_1_24' title="bbox 514 1981 919 2036; baseline -0.005 -12"><span class='ocrx_word' id='word_1_103' title='bbox 514 1981 670 2035; x_wconf 83' lang='lat' dir='ltr'><strong>Scalpe</strong></span> <span class='ocrx_word' id='word_1_104' title='bbox 689 1981 919 2036; x_wconf 81' lang='lat' dir='ltr'>querelam.</span> 
     </span>
    </p>
   </div>
   <div class='ocr_carea' id='block_1_9' title="bbox 753 2110 960 2151">
    <p class='ocr_par' dir='ltr' id='par_1_19' title="bbox 753 2110 960 2151">
     <span class='ocr_line' id='line_1_25' title="bbox 753 2110 960 2151; baseline -0.01 -7"><span class='ocrx_word' id='word_1_105' title='bbox 753 2110 808 2144; x_wconf 79' lang='lat'>52.</span> <span class='ocrx_word' id='word_1_106' title='bbox 832 2110 960 2151; x_wconf 79' lang='lat' dir='ltr'>sculpe.</span> 
     </span>
    </p>
   </div>
  </div>
 </body>
</html>
