<?xml version="1.0" encoding="UTF-8"?>
<!DOCTYPE html PUBLIC "-//W3C//DTD XHTML 1.0 Transitional//EN"
    "http://www.w3.org/TR/xhtml1/DTD/xhtml1-transitional.dtd">
<html xmlns="http://www.w3.org/1999/xhtml" xml:lang="en" lang="en">
 <head>
  <title>
</title>
<meta http-equiv="Content-Type" content="text/html;charset=utf-8" />
  <meta name='ocr-system' content='tesseract 3.04.00' />
  <meta name='ocr-capabilities' content='ocr_page ocr_carea ocr_par ocr_line ocrx_word'/>
</head>
<body>
  <div class='ocr_page' id='page_1' title='image "./workswithenglis00horauoft_0093.png"; bbox 0 0 1650 2730; ppageno 0'>
   <div class='ocr_carea' id='block_1_1' title="bbox 544 156 986 191">
    <p class='ocr_par' dir='ltr' id='par_1_1' title="bbox 544 156 986 191">
     <span class='ocr_line' id='line_1_1' title="bbox 544 156 986 191; baseline -0.002 0"><span class='ocrx_word' id='word_1_1' title='bbox 544 156 778 191; x_wconf 67' lang='lat' dir='ltr'>Iamn-</span> <span class='ocrx_word' id='word_1_2' title='bbox 843 156 986 190; x_wconf 67' lang='lat' dir='ltr'><strong>(LVI.</strong></span> 
     </span>
    </p>
   </div>
   <div class='ocr_carea' id='block_1_2' title="bbox 298 259 1141 379">
    <p class='ocr_par' dir='ltr' id='par_1_2' title="bbox 298 259 1141 379">
     <span class='ocr_line' id='line_1_2' title="bbox 298 259 1141 315; baseline -0.004 -11"><span class='ocrx_word' id='word_1_3' title='bbox 298 261 508 304; x_wconf 66' lang='lat' dir='ltr'>Bas-baras</span> <span class='ocrx_word' id='word_1_4' title='bbox 527 260 686 315; x_wconf 80' lang='lat' dir='ltr'>Syrtes,</span> <span class='ocrx_word' id='word_1_5' title='bbox 707 260 782 302; x_wconf 92' lang='lat' dir='ltr'>ubi</span> <span class='ocrx_word' id='word_1_6' title='bbox 800 259 956 302; x_wconf 82' lang='lat' dir='ltr'>Maura</span> <span class='ocrx_word' id='word_1_7' title='bbox 974 271 1141 314; x_wconf 78' lang='lat' dir='ltr'>semper</span> 
     </span>
     <span class='ocr_line' id='line_1_3' title="bbox 410 325 758 379; baseline -0.006 -10"><span class='ocrx_word' id='word_1_8' title='bbox 410 327 593 369; x_wconf 79' lang='lat' dir='ltr'>Aestuat</span> <span class='ocrx_word' id='word_1_9' title='bbox 611 325 758 379; x_wconf 77' lang='lat' dir='ltr'>unda;</span> 
     </span>
    </p>
   </div>
   <div class='ocr_carea' id='block_1_3' title="bbox 301 454 1072 706">
    <p class='ocr_par' dir='ltr' id='par_1_3' title="bbox 302 454 978 510">
     <span class='ocr_line' id='line_1_4' title="bbox 302 454 978 510; baseline -0.004 -12"><span class='ocrx_word' id='word_1_10' title='bbox 302 455 446 498; x_wconf 82' lang='lat' dir='ltr'>Tibur</span> <span class='ocrx_word' id='word_1_11' title='bbox 463 457 604 510; x_wconf 77' lang='lat' dir='ltr'>Argeo</span> <span class='ocrx_word' id='word_1_12' title='bbox 622 456 810 510; x_wconf 88' lang='lat' dir='ltr'>positum</span> <span class='ocrx_word' id='word_1_13' title='bbox 827 454 978 496; x_wconf 87' lang='lat' dir='ltr'>colono</span> 
     </span>
    </p>

    <p class='ocr_par' dir='ltr' id='par_1_4' title="bbox 301 519 1064 572">
     <span class='ocr_line' id='line_1_5' title="bbox 301 519 1064 572; baseline -0.003 -10"><span class='ocrx_word' id='word_1_14' title='bbox 301 522 369 563; x_wconf 88' lang='lat' dir='ltr'>Sit</span> <span class='ocrx_word' id='word_1_15' title='bbox 387 534 508 562; x_wconf 87' lang='lat' dir='ltr'>meae</span> <span class='ocrx_word' id='word_1_16' title='bbox 528 521 650 562; x_wconf 86' lang='lat' dir='ltr'>sedes</span> <span class='ocrx_word' id='word_1_17' title='bbox 670 522 837 562; x_wconf 90' lang='lat' dir='ltr'>utinam</span> <span class='ocrx_word' id='word_1_18' title='bbox 856 519 1064 572; x_wconf 76' lang='lat' dir='ltr'>senectae,</span> 
     </span>
    </p>

    <p class='ocr_par' dir='ltr' id='par_1_5' title="bbox 301 586 1072 706">
     <span class='ocr_line' id='line_1_6' title="bbox 301 586 1072 630; baseline -0.003 -1"><span class='ocrx_word' id='word_1_19' title='bbox 301 587 368 630; x_wconf 83' lang='lat' dir='ltr'>Sit</span> <span class='ocrx_word' id='word_1_20' title='bbox 384 587 539 629; x_wconf 91' lang='lat' dir='ltr'>modus</span> <span class='ocrx_word' id='word_1_21' title='bbox 558 587 672 627; x_wconf 85' lang='lat' dir='ltr'>lasso</span> <span class='ocrx_word' id='word_1_22' title='bbox 690 586 820 628; x_wconf 86' lang='lat' dir='ltr'>maris</span> <span class='ocrx_word' id='word_1_23' title='bbox 839 593 882 628; x_wconf 89' lang='lat' dir='ltr'>et</span> <span class='ocrx_word' id='word_1_24' title='bbox 901 586 1072 628; x_wconf 82' lang='lat' dir='ltr'>viamm</span> 
     </span>
     <span class='ocr_line' id='line_1_7' title="bbox 414 652 710 706; baseline -0.003 -12"><span class='ocrx_word' id='word_1_25' title='bbox 414 652 679 706; x_wconf 81' lang='lat' dir='ltr'>Militiaeque</span> <span class='ocrx_word' id='word_1_26' title='bbox 700 652 710 693; x_wconf 89' lang='lat'>!</span> 
     </span>
    </p>
   </div>
   <div class='ocr_carea' id='block_1_4' title="bbox 302 781 1112 1022">
    <p class='ocr_par' dir='ltr' id='par_1_6' title="bbox 302 781 1112 837">
     <span class='ocr_line' id='line_1_8' title="bbox 302 781 1112 837; baseline -0.002 -13"><span class='ocrx_word' id='word_1_27' title='bbox 302 782 429 824; x_wconf 87' lang='lat' dir='ltr'>Unde</span> <span class='ocrx_word' id='word_1_28' title='bbox 448 783 485 824; x_wconf 92' lang='lat' dir='ltr'>si</span> <span class='ocrx_word' id='word_1_29' title='bbox 506 783 666 825; x_wconf 86' lang='lat' dir='ltr'>Parcae</span> <span class='ocrx_word' id='word_1_30' title='bbox 684 782 909 837; x_wconf 86' lang='lat' dir='ltr'>prohibent</span> <span class='ocrx_word' id='word_1_31' title='bbox 927 781 1112 836; x_wconf 77' lang='lat' dir='ltr'>iniquae,</span> 
     </span>
    </p>

    <p class='ocr_par' dir='ltr' id='par_1_7' title="bbox 302 847 986 901">
     <span class='ocr_line' id='line_1_9' title="bbox 302 847 986 901; baseline -0.003 -11"><span class='ocrx_word' id='word_1_32' title='bbox 302 848 443 890; x_wconf 83' lang='lat' dir='ltr'>Dulce</span> <span class='ocrx_word' id='word_1_33' title='bbox 462 848 619 901; x_wconf 88' lang='lat' dir='ltr'>pellitis</span> <span class='ocrx_word' id='word_1_34' title='bbox 638 849 792 889; x_wconf 87' lang='lat' dir='ltr'>ovibus</span> <span class='ocrx_word' id='word_1_35' title='bbox 812 847 986 889; x_wconf 87' lang='lat' dir='ltr'>Galaesi</span> 
     </span>
    </p>

    <p class='ocr_par' dir='ltr' id='par_1_8' title="bbox 302 912 1098 1022">
     <span class='ocr_line' id='line_1_10' title="bbox 302 912 1098 968; baseline -0.003 -12"><span class='ocrx_word' id='word_1_36' title='bbox 302 913 492 956; x_wconf 83' lang='lat' dir='ltr'>Flumen</span> <span class='ocrx_word' id='word_1_37' title='bbox 510 921 554 955; x_wconf 86' lang='lat' dir='ltr'>et</span> <span class='ocrx_word' id='word_1_38' title='bbox 571 921 751 967; x_wconf 81' lang='lat' dir='ltr'>regnata</span> <span class='ocrx_word' id='word_1_39' title='bbox 768 919 915 968; x_wconf 80' lang='lat' dir='ltr'>petam</span> <span class='ocrx_word' id='word_1_40' title='bbox 932 912 1098 955; x_wconf 82' lang='lat' dir='ltr'><strong>Laconi</strong></span> 
     </span>
     <span class='ocr_line' id='line_1_11' title="bbox 411 979 774 1022; baseline -0.006 0"><span class='ocrx_word' id='word_1_41' title='bbox 411 979 534 1022; x_wconf 79' lang='lat' dir='ltr'>Rura</span> <span class='ocrx_word' id='word_1_42' title='bbox 551 979 774 1021; x_wconf 78' lang='lat' dir='ltr'>Phalanto.</span> 
     </span>
    </p>
   </div>
   <div class='ocr_carea' id='block_1_5' title="bbox 302 1107 1081 1356">
    <p class='ocr_par' dir='ltr' id='par_1_9' title="bbox 302 1107 1081 1163">
     <span class='ocr_line' id='line_1_12' title="bbox 302 1107 1081 1163; baseline 0.003 -15"><span class='ocrx_word' id='word_1_43' title='bbox 302 1107 381 1148; x_wconf 86' lang='lat' dir='ltr'>Ille</span> <span class='ocrx_word' id='word_1_44' title='bbox 400 1115 607 1150; x_wconf 85' lang='lat' dir='ltr'>terrarum</span> <span class='ocrx_word' id='word_1_45' title='bbox 625 1110 733 1150; x_wconf 89' lang='lat' dir='ltr'>mihi</span> <span class='ocrx_word' id='word_1_46' title='bbox 751 1116 914 1163; x_wconf 83' lang='lat' dir='ltr'>praeter</span> <span class='ocrx_word' id='word_1_47' title='bbox 931 1121 1081 1149; x_wconf 86' lang='lat' dir='ltr'>omnes</span> 
     </span>
    </p>

    <p class='ocr_par' dir='ltr' id='par_1_10' title="bbox 303 1173 1068 1227">
     <span class='ocr_line' id='line_1_13' title="bbox 303 1173 1068 1227; baseline 0.001 -14"><span class='ocrx_word' id='word_1_48' title='bbox 303 1173 503 1226; x_wconf 79' lang='lat' dir='ltr'>Angulus</span> <span class='ocrx_word' id='word_1_49' title='bbox 522 1174 639 1225; x_wconf 90' lang='lat' dir='ltr'>ridet,</span> <span class='ocrx_word' id='word_1_50' title='bbox 659 1175 734 1214; x_wconf 94' lang='lat' dir='ltr'>ubi</span> <span class='ocrx_word' id='word_1_51' title='bbox 753 1187 839 1214; x_wconf 92' lang='lat' dir='ltr'>non</span> <span class='ocrx_word' id='word_1_52' title='bbox 861 1175 1068 1227; x_wconf 86' lang='lat' dir='ltr'>Hymetto</span> 
     </span>
    </p>

    <p class='ocr_par' dir='ltr' id='par_1_11' title="bbox 305 1238 1051 1356">
     <span class='ocr_line' id='line_1_14' title="bbox 305 1238 1051 1291; baseline -0.001 -12"><span class='ocrx_word' id='word_1_53' title='bbox 305 1238 439 1279; x_wconf 85' lang='lat' dir='ltr'>Mella</span> <span class='ocrx_word' id='word_1_54' title='bbox 456 1238 670 1279; x_wconf 79' lang='lat' dir='ltr'>decedunt</span> <span class='ocrx_word' id='word_1_55' title='bbox 686 1238 899 1291; x_wconf 81' lang='lat' dir='ltr'>viridique</span> <span class='ocrx_word' id='word_1_56' title='bbox 917 1244 1051 1278; x_wconf 83' lang='lat' dir='ltr'>certat</span> 
     </span>
     <span class='ocr_line' id='line_1_15' title="bbox 419 1303 788 1356; baseline 0 -12"><span class='ocrx_word' id='word_1_57' title='bbox 419 1304 558 1345; x_wconf 84' lang='lat' dir='ltr'><strong>Bacca</strong></span> <span class='ocrx_word' id='word_1_58' title='bbox 578 1303 788 1356; x_wconf 84' lang='lat' dir='ltr'>Venafr0;</span> 
     </span>
    </p>
   </div>
   <div class='ocr_carea' id='block_1_6' title="bbox 303 1433 1140 1671">
    <p class='ocr_par' dir='ltr' id='par_1_12' title="bbox 303 1433 1140 1487">
     <span class='ocr_line' id='line_1_16' title="bbox 303 1433 1140 1487; baseline 0 -13"><span class='ocrx_word' id='word_1_59' title='bbox 303 1433 387 1474; x_wconf 83' lang='lat' dir='ltr'>Ver</span> <span class='ocrx_word' id='word_1_60' title='bbox 406 1434 481 1474; x_wconf 93' lang='lat' dir='ltr'>ubi</span> <span class='ocrx_word' id='word_1_61' title='bbox 500 1433 679 1487; x_wconf 88' lang='lat' dir='ltr'>longum</span> <span class='ocrx_word' id='word_1_62' title='bbox 698 1433 948 1487; x_wconf 81' lang='lat' dir='ltr'>tepidasque</span> <span class='ocrx_word' id='word_1_63' title='bbox 967 1433 1140 1487; x_wconf 85' lang='lat' dir='ltr'>praebet</span> 
     </span>
    </p>

    <p class='ocr_par' dir='ltr' id='par_1_13' title="bbox 304 1498 1088 1552">
     <span class='ocr_line' id='line_1_17' title="bbox 304 1498 1088 1552; baseline -0.003 -12"><span class='ocrx_word' id='word_1_64' title='bbox 304 1498 469 1552; x_wconf 87' lang='lat' dir='ltr'>Jupiter</span> <span class='ocrx_word' id='word_1_65' title='bbox 486 1499 673 1550; x_wconf 84' lang='lat' dir='ltr'>brumas,</span> <span class='ocrx_word' id='word_1_66' title='bbox 694 1506 737 1539; x_wconf 91' lang='lat' dir='ltr'>et</span> <span class='ocrx_word' id='word_1_67' title='bbox 756 1499 924 1540; x_wconf 86' lang='lat' dir='ltr'>amicus</span> <span class='ocrx_word' id='word_1_68' title='bbox 943 1498 1088 1539; x_wconf 88' lang='lat' dir='ltr'>Aulon</span> 
     </span>
    </p>

    <p class='ocr_par' dir='ltr' id='par_1_14' title="bbox 304 1564 1108 1671">
     <span class='ocr_line' id='line_1_18' title="bbox 304 1564 1108 1606; baseline -0.001 0"><span class='ocrx_word' id='word_1_69' title='bbox 304 1564 453 1606; x_wconf 79' lang='lat' dir='ltr'>Fertili</span> <span class='ocrx_word' id='word_1_70' title='bbox 471 1565 642 1606; x_wconf 83' lang='lat' dir='ltr'>Baccho</span> <span class='ocrx_word' id='word_1_71' title='bbox 660 1565 892 1606; x_wconf 88' lang='lat' dir='ltr'>minimum</span> <span class='ocrx_word' id='word_1_72' title='bbox 910 1564 1108 1606; x_wconf 85' lang='lat' dir='ltr'>Falernis</span> 
     </span>
     <span class='ocr_line' id='line_1_19' title="bbox 412 1629 713 1671; baseline -0.003 0"><span class='ocrx_word' id='word_1_73' title='bbox 412 1629 584 1671; x_wconf 86' lang='lat' dir='ltr'>Invidet</span> <span class='ocrx_word' id='word_1_74' title='bbox 604 1630 713 1671; x_wconf 87' lang='lat' dir='ltr'>uvis.</span> 
     </span>
    </p>
   </div>
   <div class='ocr_carea' id='block_1_7' title="bbox 301 1760 1081 1879">
    <p class='ocr_par' dir='ltr' id='par_1_15' title="bbox 301 1760 1081 1879">
     <span class='ocr_line' id='line_1_20' title="bbox 303 1760 1008 1802; baseline 0 -1"><span class='ocrx_word' id='word_1_75' title='bbox 303 1760 382 1801; x_wconf 92' lang='lat' dir='ltr'>Ille</span> <span class='ocrx_word' id='word_1_76' title='bbox 401 1767 442 1801; x_wconf 90' lang='lat' dir='ltr'>te</span> <span class='ocrx_word' id='word_1_77' title='bbox 461 1773 636 1802; x_wconf 85' lang='lat' dir='ltr'>mecum</span> <span class='ocrx_word' id='word_1_78' title='bbox 654 1761 777 1802; x_wconf 87' lang='lat' dir='ltr'>locus</span> <span class='ocrx_word' id='word_1_79' title='bbox 796 1767 838 1802; x_wconf 91' lang='lat' dir='ltr'>et</span> <span class='ocrx_word' id='word_1_80' title='bbox 857 1761 1008 1802; x_wconf 84' lang='lat' dir='ltr'>beatae</span> 
     </span>
     <span class='ocr_line' id='line_1_21' title="bbox 301 1825 1081 1879; baseline 0.001 -13"><span class='ocrx_word' id='word_1_81' title='bbox 301 1825 527 1867; x_wconf 84' lang='lat' dir='ltr'>Postulant</span> <span class='ocrx_word' id='word_1_82' title='bbox 546 1839 690 1879; x_wconf 86' lang='lat' dir='ltr'>arces;</span> <span class='ocrx_word' id='word_1_83' title='bbox 720 1827 781 1867; x_wconf 92' lang='lat' dir='ltr'>ibi</span> <span class='ocrx_word' id='word_1_84' title='bbox 800 1833 849 1867; x_wconf 89' lang='lat' dir='ltr'>tu</span> <span class='ocrx_word' id='word_1_85' title='bbox 867 1826 1081 1867; x_wconf 82' lang='lat' dir='ltr'>calentem</span> 
     </span>
    </p>
   </div>
   <div class='ocr_carea' id='block_1_8' title="bbox 303 1890 1179 2131">
    <p class='ocr_par' dir='ltr' id='par_1_16' title="bbox 303 1890 1179 2131">
     <span class='ocr_line' id='line_1_22' title="bbox 303 1890 1062 1945; baseline 0.001 -13"><span class='ocrx_word' id='word_1_86' title='bbox 303 1890 460 1933; x_wconf 83' lang='lat' dir='ltr'>Debita</span> <span class='ocrx_word' id='word_1_87' title='bbox 478 1905 651 1945; x_wconf 87' lang='lat' dir='ltr'>sparges</span> <span class='ocrx_word' id='word_1_88' title='bbox 669 1892 847 1933; x_wconf 82' lang='lat' dir='ltr'>lacrima</span> <span class='ocrx_word' id='word_1_89' title='bbox 864 1891 1062 1933; x_wconf 83' lang='lat' dir='ltr'>favillam</span> 
     </span>
     <span class='ocr_line' id='line_1_23' title="bbox 414 1957 694 1999; baseline 0 -1"><span class='ocrx_word' id='word_1_90' title='bbox 414 1957 535 1998; x_wconf 88' lang='lat' dir='ltr'>Vatis</span> <span class='ocrx_word' id='word_1_91' title='bbox 553 1957 694 1999; x_wconf 83' lang='lat' dir='ltr'>amici.</span> 
     </span>
     <span class='ocr_line' id='line_1_24' title="bbox 353 2074 1179 2131; baseline 0.001 -12"><span class='ocrx_word' id='word_1_92' title='bbox 353 2085 392 2119; x_wconf 89' lang='lat' dir='ltr'>c.</span> <span class='ocrx_word' id='word_1_93' title='bbox 407 2089 449 2119; x_wconf 57' lang='lat' dir='ltr'>vi</span> <span class='ocrx_word' id='word_1_94' title='bbox 465 2087 518 2120; x_wconf 85' lang='lat'>18.</span> <span class='ocrx_word' id='word_1_95' title='bbox 540 2074 678 2129; x_wconf 39' lang='lat' dir='ltr'>abricus,</span> <span class='ocrx_word' id='word_1_96' title='bbox 692 2087 732 2120; x_wconf 64' lang='lat' dir='ltr'>ae</span> <span class='ocrx_word' id='word_1_97' title='bbox 747 2089 832 2131; x_wconf 65' lang='lat' dir='ltr'>mnj.</span> <span class='ocrx_word' id='word_1_98' title='bbox 964 2086 1016 2121; x_wconf 79' lang='lat'>19.</span> <span class='ocrx_word' id='word_1_99' title='bbox 1037 2085 1179 2120; x_wconf 65' lang='lat' dir='ltr'>Fufius.</span> 
     </span>
    </p>
   </div>
   <div class='ocr_carea' id='block_1_9' title="bbox 732 2189 832 2243">
    <p class='ocr_par' dir='ltr' id='par_1_17' title="bbox 732 2189 832 2243">
     <span class='ocr_line' id='line_1_25' title="bbox 732 2189 832 2243; baseline 0 0"><span class='ocrx_word' id='word_1_100' title='bbox 732 2189 761 2231; x_wconf 86' lang='lat'><strong>3</strong></span> <span class='ocrx_word' id='word_1_101' title='bbox 830 2241 832 2243; x_wconf 83' lang='lat'>.</span> 
     </span>
    </p>
   </div>
   <div class='ocr_carea' id='block_1_10' title="bbox 1384 845 1441 888">
    <p class='ocr_par' dir='ltr' id='par_1_18' title="bbox 1384 845 1441 888">
     <span class='ocr_line' id='line_1_26' title="bbox 1384 845 1441 888; baseline -0.018 0"><span class='ocrx_word' id='word_1_102' title='bbox 1384 845 1441 888; x_wconf 78' lang='lat'>10</span> 
     </span>
    </p>
   </div>
   <div class='ocr_carea' id='block_1_11' title="bbox 1386 1236 1442 1278">
    <p class='ocr_par' dir='ltr' id='par_1_19' title="bbox 1386 1236 1442 1278">
     <span class='ocr_line' id='line_1_27' title="bbox 1386 1236 1442 1278; baseline 0 0"><span class='ocrx_word' id='word_1_103' title='bbox 1386 1236 1442 1278; x_wconf 82' lang='lat'>15</span> 
     </span>
    </p>
   </div>
  </div>
 </body>
</html>
