1612 2716
156 162 253 208 210
625 154 632 159 ’
684 175 969 209 sArrmARnM

154 277 326 320 Galloni
346 278 565 331 praeconis
585 286 676 319 erat
694 280 939 333 acipensere
958 283 1112 323 mensa

153 343 344 385 Infamis.
403 343 558 388 Quid?
588 351 691 384 tunc
712 345 909 385 rhombos
929 346 1076 387 minus
1095 358 1283 400 aequora
1301 346 1506 389 alebant2²

151 409 300 450 Tutus
319 416 409 449 erat
428 409 633 450 rhombus
654 417 831 463 tutoque
851 411 1018 452 ciconia
1035 412 1150 465 nido,

152 475 300 515 Donec
320 488 397 515 vos
418 482 566 515 auctor
585 475 731 516 docuit
750 477 995 529 praetorius.
1055 478 1172 532 Ergo
1448 479 1506 521 50

143 541 196 582 *Si
217 541 314 593 quis
334 553 451 580 nunc
474 554 639 594 mergos
660 554 818 582 suaves
838 542 1018 583 edixerit
1038 556 1170 596 assos,

151 606 319 646 Parebit
338 606 459 659 pravi
480 606 629 646 docilis
649 607 849 648 Romana
862 609 1084 662 Juventus.

148 672 355 718 Sordidus
376 686 403 712 a
423 673 542 712 tenui
564 673 683 713 vict-u
704 672 889 723 distabit,
913 672 1055 714 Ofello

147 738 174 779 J
178 738 324 778 udice:
356 751 459 778 nam
480 737 635 778 frustra
655 739 809 778 vitium
830 739 1031 779 vitaveris
1051 738 1172 791 illud,

147 803 194 844 Si
216 811 255 843 te
276 804 360 843 alio
368 816 551 857 pravum
560 803 792 844 detorseris.
851 804 1104 857 Avidienus‚
1275 793 1278 800 ’
1447 805 1503 847 55

147 869 231 909 Cui
253 870 384 909 Canis
405 883 461 909 ex
481 882 581 909 vero
601 869 767 910 dictum
785 882 1023 923 cognomen
1045 869 1260 922 adhaeret,

148 935 468 987 Quinquennes
488 935 605 975 oleas
625 943 690 975 est
709 943 751 975 et
771 935 983 976 silvestria
1002 949 1144 988 corna,

147 1001 210 1040 Ac
231 1001 313 1040 nisi
334 1008 550 1041 mutatum
570 1002 704 1054 parcit
724 1001 957 1041 defundere
977 1000 1219 1067 vinum,⁴2

147 1067 283 1119 Cujus
303 1066 473 1106 odorem
495 1067 576 1106 olei
598 1079 787 1119 nequeas
807 1066 1200 1119 perferre,—licebit

147 1132 223 1171 Ille
245 1133 413 1184 repotia,
436 1132 601 1171 natales
622 1132 784 1172 aliosve
804 1131 971 1172 dierum
1445 1132 1503 1173 60

146 1198 299 1237 Festos
320 1198 490 1237 albatus
510 1198 883 1238 celebret—-cornu
903 1198 992 1251 ipse
1013 1196 1152 1238 bilibri

146 1263 355 1303 Caulibus
377 1263 564 1315 instillat,
587 1264 740 1303 veteris
760 1276 847 1304 non
867 1276 1022 1317 parcus
1041 1262 1164 1303 aceti.

144 1329 281 1374 Quali
303 1329 430 1381 igitur
449 1329 567 1369 victu
588 1330 757 1382 sapiens
777 1336 930 1380 utetur,
951 1335 994 1368 et
1014 1329 1168 1368 horum

145 1395 299 1435 Utrum
320 1395 586 1434 imitabitur?
644 1395 740 1434 Hac
761 1402 884 1447 urget
903 1394 1043 1446 lupus,
1066 1394 1148 1433 hac
1168 1392 1300 1445 canis,
1322 1393 1460 1434 aiunt.

146 1459 340 1499 Mundus
360 1460 446 1511 erit,
468 1473 556 1512 qua
577 1471 663 1499 non
683 1459 870 1499 offendat
891 1458 1085 1499 sordibus
1105 1464 1236 1511 atque
1440 1459 1496 1500 65

144 1525 195 1564 In
217 1532 414 1565 neutram
435 1531 598 1578 partem
617 1525 761 1565 cultus
782 1525 920 1565 miser.
979 1524 1063 1565 Hic
1082 1537 1223 1577 neque
1243 1524 1388 1576 servis,

144 1590 294 1629 Albuti
315 1591 428 1630 senis
448 1590 657 1643 exemplo,
679 1590 786 1630 dum
806 1590 956 1630 munia
976 1589 1094 1640 didit,

145 1655 312 1695 Saevus
332 1655 420 1705 erit,
442 1668 522 1694 nec
543 1655 615 1705 sic,
638 1662 687 1694 ut
707 1655 890 1707 simplex
911 1654 1114 1703 NaeviUS,
1137 1658 1316 1693 unctam

145 1719 351 1759 Convivis
372 1719 587 1771 praebebit
608 1731 792 1770 aquam:
814 1719 970 1758 vitium
989 1718 1070 1757 hoc
1085 1730 1257 1770 quoque
1273 1731 1494 1772 magnum.

144 1783 303 1835 Accipe
323 1795 451 1833 nunc,
474 1783 614 1822 victus
636 1783 776 1822 tenuis
796 1795 908 1835 quae
929 1789 1178 1835 quantaque
1199 1796 1348 1825 secum
1441 1784 1498 1827 70

143 1847 317 1889 Afferat.
376 1848 575 1900 Inprimis
595 1847 742 1888 valeas
762 1849 893 1888 bene:
924 1860 1039 1899 nam,
1060 1848 1206 1888 variae
1225 1861 1291 1889 res

145 1914 204 1956 Ut
222 1921 406 1954 noceant
425 1913 601 1962 homini,
621 1913 781 1965 credas,
803 1926 966 1954 memor
985 1913 1102 1954 illius
1122 1926 1258 1966 escae,

144 1981 275 2024 Quae
295 1979 479 2032 simplex
499 1979 601 2019 olim
622 1979 698 2019 tibi
717 1978 895 2031 sederit3
928 1985 972 2019 at
992 1978 1122 2019 simul
1143 1979 1253 2019 assis

145 2045 369 2086 Miscueris
390 2044 515 2096 elixa,
537 2045 667 2085 simul
687 2044 917 2096 conchylia
936 2043 1084 2094 turdis,

145 2109 304 2151 Dulcia
323 2122 368 2149 se
389 2110 433 2149 in
454 2110 583 2150 bilem
603 2115 768 2149 vertent
788 2108 1095 2160 stomachoque
1117 2107 1356 2150 tumultum
1439 2110 1495 2151 75

145 2176 285 2218 Lenta
305 2175 407 2215 feret
427 2175 597 2228 pituita.
656 2174 796 2224 Vides,
819 2180 868 2214 ut
886 2173 1074 2227 pallidus
1094 2174 1235 2214 omnis

147 2234 299 2282 Coena
311 2239 513 2293 desurgat
532 2238 695 2280 dubia'.²
754 2239 878 2283 Quin
897 2251 1051 2292 corpus
1070 2245 1273 2281 onustum

197 2391 252 2425 48.
274 2401 392 2432 aequor
405 2390 522 2423 alebat.
609 2389 663 2421 56.
687 2388 827 2420 ductum.
916 2389 972 2421 58.
996 2387 1184 2422 diffindere.
1271 2387 1326 2421 64.
1348 2388 1449 2429 angit.

573 2442 628 2476 6⁵.
649 2443 723 2483 φής
745 2441 899 2481 offendit5
920 2441 1073 2475 offendet.
