<?xml version="1.0" encoding="UTF-8"?>
<!DOCTYPE html PUBLIC "-//W3C//DTD XHTML 1.0 Transitional//EN"
    "http://www.w3.org/TR/xhtml1/DTD/xhtml1-transitional.dtd">
<html xmlns="http://www.w3.org/1999/xhtml" xml:lang="en" lang="en">
 <head>
  <title>
</title>
<meta http-equiv="Content-Type" content="text/html;charset=utf-8" />
  <meta name='ocr-system' content='tesseract 3.04.00' />
  <meta name='ocr-capabilities' content='ocr_page ocr_carea ocr_par ocr_line ocrx_word'/>
</head>
<body>
  <div class='ocr_page' id='page_1' title='image "./workswithenglis00horauoft_0317.png"; bbox 0 0 1612 2716; ppageno 0'>
   <div class='ocr_carea' id='block_1_1' title="bbox 586 185 1084 221">
    <p class='ocr_par' dir='ltr' id='par_1_1' title="bbox 586 185 1084 221">
     <span class='ocr_line' id='line_1_1' title="bbox 586 185 1084 221; baseline -0.004 0"><span class='ocrx_word' id='word_1_1' title='bbox 586 186 798 221; x_wconf 73' lang='lat' dir='ltr'><strong>Iaml-</strong></span> <span class='ocrx_word' id='word_1_2' title='bbox 862 185 1084 220; x_wconf 58' lang='lat' dir='ltr'><strong>nxvm</strong></span> 
     </span>
    </p>
   </div>
   <div class='ocr_carea' id='block_1_2' title="bbox 210 290 1347 2405">
    <p class='ocr_par' dir='ltr' id='par_1_2' title="bbox 210 290 1346 1182">
     <span class='ocr_line' id='line_1_2' title="bbox 214 290 1108 344; baseline -0.004 -10"><span class='ocrx_word' id='word_1_3' title='bbox 214 291 355 343; x_wconf 75' lang='lat' dir='ltr'><strong>Zethi,</strong></span> <span class='ocrx_word' id='word_1_4' title='bbox 374 290 570 342; x_wconf 81' lang='lat' dir='ltr'><strong>dissiluit,</strong></span> <span class='ocrx_word' id='word_1_5' title='bbox 590 290 726 331; x_wconf 89' lang='lat' dir='ltr'><strong>donec</strong></span> <span class='ocrx_word' id='word_1_6' title='bbox 745 296 943 344; x_wconf 76' lang='lat' dir='ltr'><strong>suspecta</strong></span> <span class='ocrx_word' id='word_1_7' title='bbox 962 302 1108 330; x_wconf 76' lang='lat' dir='ltr'><strong>severo</strong></span> 
     </span>
     <span class='ocr_line' id='line_1_3' title="bbox 212 355 1216 408; baseline -0.003 -11"><span class='ocrx_word' id='word_1_8' title='bbox 212 356 427 397; x_wconf 85' lang='lat' dir='ltr'><strong>Conticuit</strong></span> <span class='ocrx_word' id='word_1_9' title='bbox 446 356 551 408; x_wconf 84' lang='lat' dir='ltr'><strong>lyra.</strong></span> <span class='ocrx_word' id='word_1_10' title='bbox 609 355 825 396; x_wconf 86' lang='lat' dir='ltr'><strong>Fraternis</strong></span> <span class='ocrx_word' id='word_1_11' title='bbox 843 355 1021 395; x_wconf 83' lang='lat' dir='ltr'><strong>cessisse</strong></span> <span class='ocrx_word' id='word_1_12' title='bbox 1041 360 1216 407; x_wconf 84' lang='lat' dir='ltr'><strong>putatur</strong></span> 
     </span>
     <span class='ocr_line' id='line_1_4' title="bbox 212 419 1207 473; baseline -0.002 -12"><span class='ocrx_word' id='word_1_13' title='bbox 212 421 401 461; x_wconf 82' lang='lat' dir='ltr'><strong>Moribus</strong></span> <span class='ocrx_word' id='word_1_14' title='bbox 421 420 660 473; x_wconf 89' lang='lat' dir='ltr'>Amphion:</span> <span class='ocrx_word' id='word_1_15' title='bbox 691 426 738 460; x_wconf 87' lang='lat' dir='ltr'><strong>tu</strong></span> <span class='ocrx_word' id='word_1_16' title='bbox 757 419 860 460; x_wconf 83' lang='lat' dir='ltr'><strong>cede</strong></span> <span class='ocrx_word' id='word_1_17' title='bbox 878 420 1059 472; x_wconf 87' lang='lat' dir='ltr'><strong>potentis</strong></span> <span class='ocrx_word' id='word_1_18' title='bbox 1078 419 1207 460; x_wconf 86' lang='lat' dir='ltr'><strong>amici</strong></span> 
     </span>
     <span class='ocr_line' id='line_1_5' title="bbox 211 484 1265 538; baseline -0.002 -12"><span class='ocrx_word' id='word_1_19' title='bbox 211 485 401 526; x_wconf 88' lang='lat' dir='ltr'><strong>Lenibus</strong></span> <span class='ocrx_word' id='word_1_20' title='bbox 419 485 615 538; x_wconf 89' lang='lat' dir='ltr'><strong>imperiis,</strong></span> <span class='ocrx_word' id='word_1_21' title='bbox 635 485 885 536; x_wconf 83' lang='lat' dir='ltr'><strong>quotiesque</strong></span> <span class='ocrx_word' id='word_1_22' title='bbox 905 484 1057 524; x_wconf 86' lang='lat' dir='ltr'><strong>educet</strong></span> <span class='ocrx_word' id='word_1_23' title='bbox 1076 484 1122 524; x_wconf 94' lang='lat' dir='ltr'><strong>in</strong></span> <span class='ocrx_word' id='word_1_24' title='bbox 1140 497 1265 538; x_wconf 88' lang='lat' dir='ltr'><strong>agros</strong></span> 
     </span>
     <span class='ocr_line' id='line_1_6' title="bbox 212 550 1173 603; baseline -0.001 -13"><span class='ocrx_word' id='word_1_25' title='bbox 212 551 372 590; x_wconf 88' lang='lat' dir='ltr'><strong>Aetolis</strong></span> <span class='ocrx_word' id='word_1_26' title='bbox 391 556 562 590; x_wconf 88' lang='lat' dir='ltr'><strong>onerata</strong></span> <span class='ocrx_word' id='word_1_27' title='bbox 581 550 718 602; x_wconf 86' lang='lat' dir='ltr'><strong>plagis</strong></span> <span class='ocrx_word' id='word_1_28' title='bbox 731 551 928 603; x_wconf 89' lang='lat' dir='ltr'><strong>jumenta</strong></span> <span class='ocrx_word' id='word_1_29' title='bbox 947 562 1173 602; x_wconf 79' lang='lat' dir='ltr'><strong>canesque,</strong></span> 
     </span>
     <span class='ocr_line' id='line_1_7' title="bbox 212 614 1310 667; baseline 0.001 -13"><span class='ocrx_word' id='word_1_30' title='bbox 212 615 349 667; x_wconf 90' lang='lat' dir='ltr'><strong>Surge</strong></span> <span class='ocrx_word' id='word_1_31' title='bbox 367 621 410 654; x_wconf 92' lang='lat' dir='ltr'><strong>et</strong></span> <span class='ocrx_word' id='word_1_32' title='bbox 428 615 691 654; x_wconf 80' lang='lat' dir='ltr'><strong>inhumanae</strong></span> <span class='ocrx_word' id='word_1_33' title='bbox 711 614 880 654; x_wconf 83' lang='lat' dir='ltr'><strong>senium</strong></span> <span class='ocrx_word' id='word_1_34' title='bbox 899 614 1062 667; x_wconf 91' lang='lat' dir='ltr'><strong>depone</strong></span> <span class='ocrx_word' id='word_1_35' title='bbox 1082 615 1310 667; x_wconf 81' lang='lat' dir='ltr'><strong>Camenae,</strong></span> 
     </span>
     <span class='ocr_line' id='line_1_8' title="bbox 211 678 1275 733; baseline 0.002 -15"><span class='ocrx_word' id='word_1_36' title='bbox 211 679 374 719; x_wconf 90' lang='lat' dir='ltr'><strong>Coenes</strong></span> <span class='ocrx_word' id='word_1_37' title='bbox 395 685 443 719; x_wconf 92' lang='lat' dir='ltr'><strong>ut</strong></span> <span class='ocrx_word' id='word_1_38' title='bbox 460 679 612 731; x_wconf 87' lang='lat' dir='ltr'><strong>pariter</strong></span> <span class='ocrx_word' id='word_1_39' title='bbox 631 678 852 731; x_wconf 88' lang='lat' dir='ltr'><strong>pulmenta</strong></span> <span class='ocrx_word' id='word_1_40' title='bbox 872 679 1087 719; x_wconf 86' lang='lat' dir='ltr'><strong>laboribus</strong></span> <span class='ocrx_word' id='word_1_41' title='bbox 1106 687 1275 733; x_wconf 81' lang='lat' dir='ltr'><strong>empta3</strong></span> 
     </span>
     <span class='ocr_line' id='line_1_9' title="bbox 210 743 1182 796; baseline 0.001 -13"><span class='ocrx_word' id='word_1_42' title='bbox 210 743 416 784; x_wconf 89' lang='lat' dir='ltr'><strong>Romanis</strong></span> <span class='ocrx_word' id='word_1_43' title='bbox 436 743 638 783; x_wconf 90' lang='lat' dir='ltr'><strong>sollemne</strong></span> <span class='ocrx_word' id='word_1_44' title='bbox 657 744 759 783; x_wconf 85' lang='lat' dir='ltr'><strong>viris</strong></span> <span class='ocrx_word' id='word_1_45' title='bbox 778 756 896 796; x_wconf 80' lang='lat' dir='ltr'><strong>opu8‚</strong></span> <span class='ocrx_word' id='word_1_46' title='bbox 918 744 1021 784; x_wconf 89' lang='lat' dir='ltr'><strong>utile</strong></span> <span class='ocrx_word' id='word_1_47' title='bbox 1042 743 1182 784; x_wconf 84' lang='lat' dir='ltr'><strong>famae</strong></span> 
     </span>
     <span class='ocr_line' id='line_1_10' title="bbox 213 808 1323 861; baseline 0.002 -13"><span class='ocrx_word' id='word_1_48' title='bbox 213 808 415 860; x_wconf 89' lang='lat' dir='ltr'><strong>Vitaeque</strong></span> <span class='ocrx_word' id='word_1_49' title='bbox 434 815 477 848; x_wconf 76' lang='lat' dir='ltr'><strong>et</strong></span> <span class='ocrx_word' id='word_1_50' title='bbox 495 808 706 858; x_wconf 91' lang='lat' dir='ltr'><strong>membris,</strong></span> <span class='ocrx_word' id='word_1_51' title='bbox 727 809 973 861; x_wconf 88' lang='lat' dir='ltr'><strong>praesertim</strong></span> <span class='ocrx_word' id='word_1_52' title='bbox 991 821 1093 849; x_wconf 87' lang='lat' dir='ltr'><strong>cum</strong></span> <span class='ocrx_word' id='word_1_53' title='bbox 1112 809 1260 849; x_wconf 88' lang='lat' dir='ltr'><strong>valeas</strong></span> <span class='ocrx_word' id='word_1_54' title='bbox 1279 815 1323 850; x_wconf 88' lang='lat' dir='ltr'><strong>et</strong></span> 
     </span>
     <span class='ocr_line' id='line_1_11' title="bbox 212 873 1268 927; baseline 0.003 -15"><span class='ocrx_word' id='word_1_55' title='bbox 212 873 288 912; x_wconf 90' lang='lat' dir='ltr'><strong>Vel</strong></span> <span class='ocrx_word' id='word_1_56' title='bbox 307 885 436 913; x_wconf 89' lang='lat' dir='ltr'><strong>cursu</strong></span> <span class='ocrx_word' id='word_1_57' title='bbox 456 886 652 925; x_wconf 87' lang='lat' dir='ltr'><strong>superare</strong></span> <span class='ocrx_word' id='word_1_58' title='bbox 672 886 825 913; x_wconf 87' lang='lat' dir='ltr'><strong>canem</strong></span> <span class='ocrx_word' id='word_1_59' title='bbox 844 873 913 913; x_wconf 84' lang='lat' dir='ltr'><strong>vel</strong></span> <span class='ocrx_word' id='word_1_60' title='bbox 934 874 1094 914; x_wconf 87' lang='lat' dir='ltr'><strong>viribus</strong></span> <span class='ocrx_word' id='word_1_61' title='bbox 1114 886 1268 927; x_wconf 91' lang='lat' dir='ltr'><strong>aprum</strong></span> 
     </span>
     <span class='ocr_line' id='line_1_12' title="bbox 214 937 1246 991; baseline 0.003 -15"><span class='ocrx_word' id='word_1_62' title='bbox 214 937 367 977; x_wconf 90' lang='lat' dir='ltr'><strong>Possis.</strong></span> <span class='ocrx_word' id='word_1_63' title='bbox 425 937 558 988; x_wconf 87' lang='lat' dir='ltr'><strong>Adde,</strong></span> <span class='ocrx_word' id='word_1_64' title='bbox 579 937 719 977; x_wconf 89' lang='lat' dir='ltr'><strong>virilia</strong></span> <span class='ocrx_word' id='word_1_65' title='bbox 737 937 853 990; x_wconf 90' lang='lat' dir='ltr'><strong>quod</strong></span> <span class='ocrx_word' id='word_1_66' title='bbox 873 939 1106 991; x_wconf 84' lang='lat' dir='ltr'><strong>speciosius</strong></span> <span class='ocrx_word' id='word_1_67' title='bbox 1125 951 1246 979; x_wconf 88' lang='lat' dir='ltr'><strong>arma</strong></span> 
     </span>
     <span class='ocr_line' id='line_1_13' title="bbox 213 1001 1340 1055; baseline 0.002 -14"><span class='ocrx_word' id='word_1_68' title='bbox 213 1001 311 1041; x_wconf 89' lang='lat' dir='ltr'><strong>Non</strong></span> <span class='ocrx_word' id='word_1_69' title='bbox 329 1009 393 1041; x_wconf 87' lang='lat' dir='ltr'><strong>est</strong></span> <span class='ocrx_word' id='word_1_70' title='bbox 411 1003 484 1054; x_wconf 89' lang='lat' dir='ltr'><strong>qui</strong></span> <span class='ocrx_word' id='word_1_71' title='bbox 506 1009 653 1042; x_wconf 88' lang='lat' dir='ltr'><strong>tractet</strong></span> <span class='ocrx_word' id='word_1_72' title='bbox 667 1003 829 1053; x_wconf 79' lang='lat' dir='ltr'><strong>z—scis,</strong></span> <span class='ocrx_word' id='word_1_73' title='bbox 851 1016 937 1055; x_wconf 92' lang='lat' dir='ltr'><strong>quo</strong></span> <span class='ocrx_word' id='word_1_74' title='bbox 956 1003 1140 1043; x_wconf 89' lang='lat' dir='ltr'><strong>clamore</strong></span> <span class='ocrx_word' id='word_1_75' title='bbox 1160 1016 1340 1043; x_wconf 91' lang='lat' dir='ltr'><strong>coronae</strong></span> 
     </span>
     <span class='ocr_line' id='line_1_14' title="bbox 213 1066 1346 1119; baseline 0.003 -15"><span class='ocrx_word' id='word_1_76' title='bbox 213 1066 378 1105; x_wconf 87' lang='lat' dir='ltr'><strong>Proelia</strong></span> <span class='ocrx_word' id='word_1_77' title='bbox 399 1066 609 1105; x_wconf 83' lang='lat' dir='ltr'><strong>sustineas</strong></span> <span class='ocrx_word' id='word_1_78' title='bbox 628 1067 880 1118; x_wconf 87' lang='lat' dir='ltr'><strong>campestria</strong></span> <span class='ocrx_word' id='word_1_79' title='bbox 894 1067 1147 1119; x_wconf 84' lang='lat' dir='ltr'><strong>3—denique</strong></span> <span class='ocrx_word' id='word_1_80' title='bbox 1168 1080 1346 1107; x_wconf 87' lang='lat' dir='ltr'><strong>saevam</strong></span> 
     </span>
     <span class='ocr_line' id='line_1_15' title="bbox 214 1131 1155 1182; baseline 0 -12"><span class='ocrx_word' id='word_1_81' title='bbox 214 1131 411 1170; x_wconf 89' lang='lat' dir='ltr'><strong>Militiam</strong></span> <span class='ocrx_word' id='word_1_82' title='bbox 433 1142 537 1182; x_wconf 88' lang='lat' dir='ltr'><strong>puer</strong></span> <span class='ocrx_word' id='word_1_83' title='bbox 555 1137 597 1169; x_wconf 91' lang='lat' dir='ltr'><strong>et</strong></span> <span class='ocrx_word' id='word_1_84' title='bbox 616 1131 870 1170; x_wconf 87' lang='lat' dir='ltr'><strong>Cantabrica</strong></span> <span class='ocrx_word' id='word_1_85' title='bbox 889 1132 1000 1171; x_wconf 92' lang='lat' dir='ltr'><strong>bella</strong></span> <span class='ocrx_word' id='word_1_86' title='bbox 1021 1132 1155 1171; x_wconf 89' lang='lat' dir='ltr'><strong>tulisti</strong></span> 
     </span>
    </p>

    <p class='ocr_par' dir='ltr' id='par_1_3' title="bbox 213 1194 1347 1505">
     <span class='ocr_line' id='line_1_16' title="bbox 214 1194 1302 1248; baseline 0.002 -14"><span class='ocrx_word' id='word_1_87' title='bbox 214 1196 305 1235; x_wconf 90' lang='lat' dir='ltr'><strong>Sub</strong></span> <span class='ocrx_word' id='word_1_88' title='bbox 324 1194 444 1245; x_wconf 89' lang='lat' dir='ltr'><strong>duce,</strong></span> <span class='ocrx_word' id='word_1_89' title='bbox 465 1195 540 1246; x_wconf 88' lang='lat' dir='ltr'><strong>qui</strong></span> <span class='ocrx_word' id='word_1_90' title='bbox 562 1195 727 1246; x_wconf 86' lang='lat' dir='ltr'><strong>templis</strong></span> <span class='ocrx_word' id='word_1_91' title='bbox 748 1195 1002 1234; x_wconf 88' lang='lat' dir='ltr'><strong>Parthorum</strong></span> <span class='ocrx_word' id='word_1_92' title='bbox 1022 1196 1146 1247; x_wconf 88' lang='lat' dir='ltr'><strong>signa</strong></span> <span class='ocrx_word' id='word_1_93' title='bbox 1165 1195 1302 1248; x_wconf 89' lang='lat' dir='ltr'><strong>refigit</strong></span> 
     </span>
     <span class='ocr_line' id='line_1_17' title="bbox 214 1259 1294 1312; baseline 0.003 -14"><span class='ocrx_word' id='word_1_94' title='bbox 214 1259 351 1310; x_wconf 87' lang='lat' dir='ltr'><strong>Nunc,</strong></span> <span class='ocrx_word' id='word_1_95' title='bbox 373 1267 424 1309; x_wconf 91' lang='lat' dir='ltr'><strong>et,</strong></span> <span class='ocrx_word' id='word_1_96' title='bbox 446 1259 482 1298; x_wconf 93' lang='lat' dir='ltr'><strong>si</strong></span> <span class='ocrx_word' id='word_1_97' title='bbox 501 1259 606 1310; x_wconf 90' lang='lat' dir='ltr'><strong>quid</strong></span> <span class='ocrx_word' id='word_1_98' title='bbox 625 1260 754 1309; x_wconf 89' lang='lat' dir='ltr'><strong>abest,</strong></span> <span class='ocrx_word' id='word_1_99' title='bbox 776 1259 895 1298; x_wconf 90' lang='lat' dir='ltr'><strong>Italis</strong></span> <span class='ocrx_word' id='word_1_100' title='bbox 916 1259 1133 1312; x_wconf 80' lang='lat' dir='ltr'><strong>adedicat</strong></span> <span class='ocrx_word' id='word_1_101' title='bbox 1151 1261 1294 1301; x_wconf 86' lang='lat' dir='ltr'><strong>armis.</strong></span> 
     </span>
     <span class='ocr_line' id='line_1_18' title="bbox 213 1324 1164 1375; baseline 0 -12"><span class='ocrx_word' id='word_1_102' title='bbox 213 1325 288 1374; x_wconf 90' lang='lat' dir='ltr'><strong>Ac,</strong></span> <span class='ocrx_word' id='word_1_103' title='bbox 309 1337 362 1364; x_wconf 91' lang='lat' dir='ltr'><strong>ne</strong></span> <span class='ocrx_word' id='word_1_104' title='bbox 383 1331 423 1363; x_wconf 90' lang='lat' dir='ltr'><strong>te</strong></span> <span class='ocrx_word' id='word_1_105' title='bbox 444 1325 633 1363; x_wconf 89' lang='lat' dir='ltr'><strong>retrahas</strong></span> <span class='ocrx_word' id='word_1_106' title='bbox 653 1331 694 1363; x_wconf 92' lang='lat' dir='ltr'><strong>et</strong></span> <span class='ocrx_word' id='word_1_107' title='bbox 715 1324 1018 1363; x_wconf 84' lang='lat' dir='ltr'><strong>inexcusabilis</strong></span> <span class='ocrx_word' id='word_1_108' title='bbox 1038 1325 1164 1375; x_wconf 87' lang='lat' dir='ltr'><strong>absis,</strong></span> 
     </span>
     <span class='ocr_line' id='line_1_19' title="bbox 213 1388 1347 1442; baseline 0.003 -15"><span class='ocrx_word' id='word_1_109' title='bbox 213 1389 429 1433; x_wconf 77' lang='lat' dir='ltr'><strong>Quamvis</strong></span> <span class='ocrx_word' id='word_1_110' title='bbox 448 1388 510 1427; x_wconf 90' lang='lat' dir='ltr'><strong>nil</strong></span> <span class='ocrx_word' id='word_1_111' title='bbox 529 1395 650 1428; x_wconf 82' lang='lat' dir='ltr'><strong>extra</strong></span> <span class='ocrx_word' id='word_1_112' title='bbox 669 1401 896 1428; x_wconf 90' lang='lat' dir='ltr'><strong>numerum</strong></span> <span class='ocrx_word' id='word_1_113' title='bbox 916 1388 1066 1428; x_wconf 85' lang='lat' dir='ltr'><strong>fecisse</strong></span> <span class='ocrx_word' id='word_1_114' title='bbox 1086 1388 1347 1442; x_wconf 85' lang='lat' dir='ltr'><strong>modumque</strong></span> 
     </span>
     <span class='ocr_line' id='line_1_20' title="bbox 213 1452 1107 1505; baseline 0.001 -13"><span class='ocrx_word' id='word_1_115' title='bbox 213 1454 359 1504; x_wconf 86' lang='lat' dir='ltr'><strong>Curas,</strong></span> <span class='ocrx_word' id='word_1_116' title='bbox 381 1452 594 1492; x_wconf 89' lang='lat' dir='ltr'><strong>interdum</strong></span> <span class='ocrx_word' id='word_1_117' title='bbox 613 1453 788 1505; x_wconf 87' lang='lat' dir='ltr'><strong>nugaris</strong></span> <span class='ocrx_word' id='word_1_118' title='bbox 807 1465 902 1493; x_wconf 87' lang='lat' dir='ltr'><strong>rure</strong></span> <span class='ocrx_word' id='word_1_119' title='bbox 922 1460 1107 1505; x_wconf 85' lang='lat' dir='ltr'><strong>paterno.</strong></span> 
     </span>
    </p>

    <p class='ocr_par' dir='ltr' id='par_1_4' title="bbox 214 1518 1137 1570">
     <span class='ocr_line' id='line_1_21' title="bbox 214 1518 1137 1570; baseline 0.001 -13"><span class='ocrx_word' id='word_1_120' title='bbox 214 1518 397 1558; x_wconf 89' lang='lat' dir='ltr'><strong>Partitur</strong></span> <span class='ocrx_word' id='word_1_121' title='bbox 417 1518 560 1557; x_wconf 90' lang='lat' dir='ltr'><strong>lintres</strong></span> <span class='ocrx_word' id='word_1_122' title='bbox 579 1518 814 1569; x_wconf 84' lang='lat' dir='ltr'><strong>exercitus;</strong></span> <span class='ocrx_word' id='word_1_123' title='bbox 845 1518 971 1557; x_wconf 91' lang='lat' dir='ltr'><strong>Actia</strong></span> <span class='ocrx_word' id='word_1_124' title='bbox 990 1530 1137 1570; x_wconf 87' lang='lat' dir='ltr'><strong>pugna</strong></span> 
     </span>
    </p>

    <p class='ocr_par' dir='ltr' id='par_1_5' title="bbox 213 1581 1226 1828">
     <span class='ocr_line' id='line_1_22' title="bbox 213 1581 1187 1634; baseline 0.001 -13"><span class='ocrx_word' id='word_1_125' title='bbox 213 1582 280 1622; x_wconf 86' lang='lat' dir='ltr'><strong>Te</strong></span> <span class='ocrx_word' id='word_1_126' title='bbox 300 1582 410 1622; x_wconf 91' lang='lat' dir='ltr'><strong>duce</strong></span> <span class='ocrx_word' id='word_1_127' title='bbox 429 1595 502 1634; x_wconf 90' lang='lat' dir='ltr'><strong>per</strong></span> <span class='ocrx_word' id='word_1_128' title='bbox 521 1595 673 1634; x_wconf 88' lang='lat' dir='ltr'><strong>pueros</strong></span> <span class='ocrx_word' id='word_1_129' title='bbox 695 1582 836 1622; x_wconf 87' lang='lat' dir='ltr'><strong>hostili</strong></span> <span class='ocrx_word' id='word_1_130' title='bbox 855 1594 969 1621; x_wconf 88' lang='lat' dir='ltr'><strong>more</strong></span> <span class='ocrx_word' id='word_1_131' title='bbox 990 1581 1187 1634; x_wconf 79' lang='lat' dir='ltr'><strong>refertur3</strong></span> 
     </span>
     <span class='ocr_line' id='line_1_23' title="bbox 213 1646 1226 1698; baseline 0.001 -12"><span class='ocrx_word' id='word_1_132' title='bbox 213 1647 493 1687; x_wconf 84' lang='lat' dir='ltr'><strong>Adversarius</strong></span> <span class='ocrx_word' id='word_1_133' title='bbox 513 1655 577 1687; x_wconf 90' lang='lat' dir='ltr'><strong>est</strong></span> <span class='ocrx_word' id='word_1_134' title='bbox 597 1646 733 1698; x_wconf 88' lang='lat' dir='ltr'><strong>frater,</strong></span> <span class='ocrx_word' id='word_1_135' title='bbox 754 1647 875 1687; x_wconf 90' lang='lat' dir='ltr'><strong>lacus</strong></span> <span class='ocrx_word' id='word_1_136' title='bbox 896 1646 1069 1698; x_wconf 88' lang='lat' dir='ltr'><strong>Hadria,</strong></span> <span class='ocrx_word' id='word_1_137' title='bbox 1090 1647 1226 1687; x_wconf 90' lang='lat' dir='ltr'><strong>donec</strong></span> 
     </span>
     <span class='ocr_line' id='line_1_24' title="bbox 215 1711 1187 1752; baseline 0.001 -1"><span class='ocrx_word' id='word_1_138' title='bbox 215 1712 477 1752; x_wconf 88' lang='lat' dir='ltr'><strong>Alterutrum</strong></span> <span class='ocrx_word' id='word_1_139' title='bbox 496 1712 623 1752; x_wconf 85' lang='lat' dir='ltr'><strong>velox</strong></span> <span class='ocrx_word' id='word_1_140' title='bbox 643 1712 818 1751; x_wconf 87' lang='lat' dir='ltr'><strong>victoria</strong></span> <span class='ocrx_word' id='word_1_141' title='bbox 837 1711 985 1752; x_wconf 91' lang='lat' dir='ltr'><strong>fronde</strong></span> <span class='ocrx_word' id='word_1_142' title='bbox 1005 1719 1187 1752; x_wconf 86' lang='lat' dir='ltr'><strong>coronet.</strong></span> 
     </span>
     <span class='ocr_line' id='line_1_25' title="bbox 214 1776 1148 1828; baseline 0.001 -13"><span class='ocrx_word' id='word_1_143' title='bbox 214 1777 459 1816; x_wconf 86' lang='lat' dir='ltr'><strong>Consentire</strong></span> <span class='ocrx_word' id='word_1_144' title='bbox 480 1778 569 1816; x_wconf 91' lang='lat' dir='ltr'><strong>suis</strong></span> <span class='ocrx_word' id='word_1_145' title='bbox 589 1776 741 1816; x_wconf 87' lang='lat' dir='ltr'><strong>studiis</strong></span> <span class='ocrx_word' id='word_1_146' title='bbox 760 1777 835 1828; x_wconf 89' lang='lat' dir='ltr'><strong>qui</strong></span> <span class='ocrx_word' id='word_1_147' title='bbox 854 1776 1077 1816; x_wconf 87' lang='lat' dir='ltr'><strong>crediderit</strong></span> <span class='ocrx_word' id='word_1_148' title='bbox 1096 1784 1148 1828; x_wconf 89' lang='lat' dir='ltr'><strong>te,</strong></span> 
     </span>
    </p>

    <p class='ocr_par' dir='ltr' id='par_1_6' title="bbox 216 1841 1323 2340">
     <span class='ocr_line' id='line_1_26' title="bbox 216 1841 1282 1895; baseline 0.003 -16"><span class='ocrx_word' id='word_1_149' title='bbox 216 1841 375 1880; x_wconf 86' lang='lat' dir='ltr'><strong>Fautor</strong></span> <span class='ocrx_word' id='word_1_150' title='bbox 395 1848 571 1892; x_wconf 89' lang='lat' dir='ltr'><strong>utroque</strong></span> <span class='ocrx_word' id='word_1_151' title='bbox 591 1849 716 1881; x_wconf 90' lang='lat' dir='ltr'><strong>tuum</strong></span> <span class='ocrx_word' id='word_1_152' title='bbox 734 1841 926 1881; x_wconf 89' lang='lat' dir='ltr'><strong>laudabit</strong></span> <span class='ocrx_word' id='word_1_153' title='bbox 945 1841 1095 1895; x_wconf 87' lang='lat' dir='ltr'><strong>pollice</strong></span> <span class='ocrx_word' id='word_1_154' title='bbox 1116 1841 1282 1882; x_wconf 91' lang='lat' dir='ltr'><strong>ludum.</strong></span> 
     </span>
     <span class='ocr_line' id='line_1_27' title="bbox 216 1903 1323 1958; baseline 0.002 -15"><span class='ocrx_word' id='word_1_155' title='bbox 216 1903 412 1943; x_wconf 91' lang='lat' dir='ltr'><strong>Protinus</strong></span> <span class='ocrx_word' id='word_1_156' title='bbox 432 1910 479 1943; x_wconf 89' lang='lat' dir='ltr'><strong>ut</strong></span> <span class='ocrx_word' id='word_1_157' title='bbox 498 1917 706 1955; x_wconf 65' lang='lat' dir='ltr'><strong>moneam,</strong></span> <span class='ocrx_word' id='word_1_158' title='bbox 728 1906 764 1944; x_wconf 92' lang='lat' dir='ltr'><strong>si</strong></span> <span class='ocrx_word' id='word_1_159' title='bbox 783 1905 887 1957; x_wconf 92' lang='lat' dir='ltr'><strong>quid</strong></span> <span class='ocrx_word' id='word_1_160' title='bbox 906 1906 1125 1945; x_wconf 87' lang='lat' dir='ltr'><strong>monitoris</strong></span> <span class='ocrx_word' id='word_1_161' title='bbox 1144 1919 1244 1958; x_wconf 88' lang='lat' dir='ltr'><strong>eges</strong></span> <span class='ocrx_word' id='word_1_162' title='bbox 1263 1912 1323 1958; x_wconf 88' lang='lat' dir='ltr'><strong>tu,</strong></span> 
     </span>
     <span class='ocr_line' id='line_1_28' title="bbox 216 1966 1323 2021; baseline 0.004 -15"><span class='ocrx_word' id='word_1_163' title='bbox 216 1967 337 2011; x_wconf 80' lang='lat' dir='ltr'><strong>Quid</strong></span> <span class='ocrx_word' id='word_1_164' title='bbox 356 1966 409 2006; x_wconf 91' lang='lat' dir='ltr'><strong>de</strong></span> <span class='ocrx_word' id='word_1_165' title='bbox 428 1980 596 2020; x_wconf 90' lang='lat' dir='ltr'><strong>quoque</strong></span> <span class='ocrx_word' id='word_1_166' title='bbox 615 1968 705 2007; x_wconf 87' lang='lat' dir='ltr'><strong>viro</strong></span> <span class='ocrx_word' id='word_1_167' title='bbox 724 1974 765 2007; x_wconf 89' lang='lat' dir='ltr'><strong>et</strong></span> <span class='ocrx_word' id='word_1_168' title='bbox 785 1970 855 2008; x_wconf 89' lang='lat' dir='ltr'><strong>cui</strong></span> <span class='ocrx_word' id='word_1_169' title='bbox 874 1968 1004 2019; x_wconf 87' lang='lat' dir='ltr'><strong>dicas,</strong></span> <span class='ocrx_word' id='word_1_170' title='bbox 1025 1982 1151 2021; x_wconf 88' lang='lat' dir='ltr'><strong>saepe</strong></span> <span class='ocrx_word' id='word_1_171' title='bbox 1170 1970 1323 2011; x_wconf 84' lang='lat' dir='ltr'><strong>videto.</strong></span> 
     </span>
     <span class='ocr_line' id='line_1_29' title="bbox 217 2030 1311 2086; baseline 0.003 -16"><span class='ocrx_word' id='word_1_172' title='bbox 217 2031 554 2071; x_wconf 81' lang='lat' dir='ltr'><strong>Percontatorem</strong></span> <span class='ocrx_word' id='word_1_173' title='bbox 573 2030 731 2084; x_wconf 69' lang='lat' dir='ltr'><strong>fugitog</strong></span> <span class='ocrx_word' id='word_1_174' title='bbox 761 2044 865 2071; x_wconf 91' lang='lat' dir='ltr'><strong>nam</strong></span> <span class='ocrx_word' id='word_1_175' title='bbox 883 2033 1079 2084; x_wconf 87' lang='lat' dir='ltr'><strong>garrulus</strong></span> <span class='ocrx_word' id='word_1_176' title='bbox 1100 2033 1215 2073; x_wconf 90' lang='lat' dir='ltr'><strong>idem</strong></span> <span class='ocrx_word' id='word_1_177' title='bbox 1234 2040 1311 2086; x_wconf 87' lang='lat' dir='ltr'><strong>est,</strong></span> 
     </span>
     <span class='ocr_line' id='line_1_30' title="bbox 217 2095 1293 2150; baseline 0.002 -14"><span class='ocrx_word' id='word_1_178' title='bbox 217 2095 307 2136; x_wconf 92' lang='lat' dir='ltr'><strong>Nec</strong></span> <span class='ocrx_word' id='word_1_179' title='bbox 326 2096 506 2135; x_wconf 89' lang='lat' dir='ltr'><strong>retinent</strong></span> <span class='ocrx_word' id='word_1_180' title='bbox 522 2096 694 2149; x_wconf 88' lang='lat' dir='ltr'><strong>patulae</strong></span> <span class='ocrx_word' id='word_1_181' title='bbox 713 2097 941 2136; x_wconf 89' lang='lat' dir='ltr'><strong>commissa</strong></span> <span class='ocrx_word' id='word_1_182' title='bbox 959 2096 1139 2137; x_wconf 89' lang='lat' dir='ltr'><strong>fideliter</strong></span> <span class='ocrx_word' id='word_1_183' title='bbox 1157 2110 1293 2150; x_wconf 86' lang='lat' dir='ltr'><strong>aures,</strong></span> 
     </span>
     <span class='ocr_line' id='line_1_31' title="bbox 217 2158 1284 2203; baseline 0.005 -5"><span class='ocrx_word' id='word_1_184' title='bbox 217 2158 277 2198; x_wconf 90' lang='lat' dir='ltr'><strong>Et</strong></span> <span class='ocrx_word' id='word_1_185' title='bbox 296 2159 425 2198; x_wconf 90' lang='lat' dir='ltr'><strong>semel</strong></span> <span class='ocrx_word' id='word_1_186' title='bbox 444 2160 651 2200; x_wconf 90' lang='lat' dir='ltr'><strong>emissum</strong></span> <span class='ocrx_word' id='word_1_187' title='bbox 668 2160 784 2200; x_wconf 87' lang='lat' dir='ltr'><strong>volat</strong></span> <span class='ocrx_word' id='word_1_188' title='bbox 803 2161 1074 2201; x_wconf 82' lang='lat' dir='ltr'><strong>irrevocabile</strong></span> <span class='ocrx_word' id='word_1_189' title='bbox 1093 2162 1284 2203; x_wconf 84' lang='lat' dir='ltr'><strong>verbum.</strong></span> 
     </span>
     <span class='ocr_line' id='line_1_32' title="bbox 221 2222 1234 2278; baseline 0.005 -17"><span class='ocrx_word' id='word_1_190' title='bbox 221 2223 263 2262; x_wconf 97' lang='lat' dir='ltr'>N</span> <span class='ocrx_word' id='word_1_191' title='bbox 264 2235 319 2262; x_wconf 93' lang='lat' dir='ltr'><strong>on</strong></span> <span class='ocrx_word' id='word_1_192' title='bbox 340 2222 496 2262; x_wconf 90' lang='lat' dir='ltr'><strong>ancilla</strong></span> <span class='ocrx_word' id='word_1_193' title='bbox 515 2230 639 2263; x_wconf 90' lang='lat' dir='ltr'><strong>tuum</strong></span> <span class='ocrx_word' id='word_1_194' title='bbox 651 2225 771 2277; x_wconf 87' lang='lat' dir='ltr'><strong>jecur</strong></span> <span class='ocrx_word' id='word_1_195' title='bbox 788 2224 946 2264; x_wconf 89' lang='lat' dir='ltr'><strong>ulceret</strong></span> <span class='ocrx_word' id='word_1_196' title='bbox 965 2225 1057 2265; x_wconf 80' lang='lat' dir='ltr'><strong>ulla</strong></span> <span class='ocrx_word' id='word_1_197' title='bbox 1075 2238 1234 2278; x_wconf 87' lang='lat' dir='ltr'><strong>puerve</strong></span> 
     </span>
     <span class='ocr_line' id='line_1_33' title="bbox 219 2285 1192 2340; baseline 0.003 -13"><span class='ocrx_word' id='word_1_198' title='bbox 219 2285 335 2327; x_wconf 84' lang='lat' dir='ltr'><strong>Intra</strong></span> <span class='ocrx_word' id='word_1_199' title='bbox 354 2299 636 2326; x_wconf 86' lang='lat' dir='ltr'><strong>marmoreum</strong></span> <span class='ocrx_word' id='word_1_200' title='bbox 655 2288 883 2328; x_wconf 86' lang='lat' dir='ltr'><strong>venerandi</strong></span> <span class='ocrx_word' id='word_1_201' title='bbox 903 2289 1034 2329; x_wconf 79' lang='lat' dir='ltr'><strong>limen</strong></span> <span class='ocrx_word' id='word_1_202' title='bbox 1053 2290 1192 2340; x_wconf 87' lang='lat' dir='ltr'><strong>amici,</strong></span> 
     </span>
    </p>

    <p class='ocr_par' dir='ltr' id='par_1_7' title="bbox 220 2349 1206 2405">
     <span class='ocr_line' id='line_1_34' title="bbox 220 2349 1206 2405; baseline 0.001 -13"><span class='ocrx_word' id='word_1_203' title='bbox 220 2351 285 2392; x_wconf 90' lang='lat' dir='ltr'><strong>Ne</strong></span> <span class='ocrx_word' id='word_1_204' title='bbox 305 2350 503 2390; x_wconf 87' lang='lat' dir='ltr'><strong>dominus</strong></span> <span class='ocrx_word' id='word_1_205' title='bbox 522 2351 640 2402; x_wconf 89' lang='lat' dir='ltr'><strong>pueri</strong></span> <span class='ocrx_word' id='word_1_206' title='bbox 659 2349 824 2403; x_wconf 89' lang='lat' dir='ltr'><strong>pulchri</strong></span> <span class='ocrx_word' id='word_1_207' title='bbox 843 2365 1020 2392; x_wconf 87' lang='lat' dir='ltr'><strong>caraeve</strong></span> <span class='ocrx_word' id='word_1_208' title='bbox 1039 2354 1206 2405; x_wconf 90' lang='lat' dir='ltr'><strong>puellae</strong></span> 
     </span>
    </p>
   </div>
   <div class='ocr_carea' id='block_1_3' title="bbox 220 2415 1366 2468">
    <p class='ocr_par' dir='ltr' id='par_1_8' title="bbox 220 2415 1366 2468">
     <span class='ocr_line' id='line_1_35' title="bbox 220 2415 1366 2468; baseline -0.002 -14"><span class='ocrx_word' id='word_1_209' title='bbox 220 2415 397 2461; x_wconf 83' lang='lat' dir='ltr'><strong>Munere</strong></span> <span class='ocrx_word' id='word_1_210' title='bbox 417 2420 457 2454; x_wconf 89' lang='lat' dir='ltr'><strong>te</strong></span> <span class='ocrx_word' id='word_1_211' title='bbox 475 2426 606 2467; x_wconf 87' lang='lat' dir='ltr'><strong>parvo</strong></span> <span class='ocrx_word' id='word_1_212' title='bbox 625 2415 720 2455; x_wconf 86' lang='lat' dir='ltr'><strong>beet</strong></span> <span class='ocrx_word' id='word_1_213' title='bbox 737 2422 815 2456; x_wconf 79' lang='lat' dir='ltr'><strong>aut</strong></span> <span class='ocrx_word' id='word_1_214' title='bbox 832 2416 1127 2457; x_wconf 86' lang='lat' dir='ltr'><strong>incommodus</strong></span> <span class='ocrx_word' id='word_1_215' title='bbox 1146 2421 1288 2468; x_wconf 86' lang='lat' dir='ltr'><strong>angat.</strong></span> <span class='ocrx_word' id='word_1_216' title='bbox 1360 2449 1366 2452; x_wconf 80' lang='grc'><strong>.</strong></span> 
     </span>
    </p>
   </div>
   <div class='ocr_carea' id='block_1_4' title="bbox 793 2487 867 2539">
    <p class='ocr_par' dir='ltr' id='par_1_9' title="bbox 793 2487 867 2539">
     <span class='ocr_line' id='line_1_36' title="bbox 793 2487 867 2539; baseline 0 0"><span class='ocrx_word' id='word_1_217' title='bbox 793 2487 867 2539; x_wconf 65' lang='lat'>1&#39;8&#39;*</span> 
     </span>
    </p>
   </div>
   <div class='ocr_carea' id='block_1_5' title="bbox 1399 176 1496 239">
    <p class='ocr_par' dir='ltr' id='par_1_10' title="bbox 1399 176 1496 239">
     <span class='ocr_line' id='line_1_37' title="bbox 1399 176 1496 239; baseline 0.041 -14"><span class='ocrx_word' id='word_1_218' title='bbox 1399 176 1496 239; x_wconf 71' lang='lat' dir='ltr'><strong>m</strong></span> 
     </span>
    </p>
   </div>
   <div class='ocr_carea' id='block_1_6' title="bbox 1441 1132 1497 1173">
    <p class='ocr_par' dir='ltr' id='par_1_11' title="bbox 1441 1132 1497 1173">
     <span class='ocr_line' id='line_1_38' title="bbox 1441 1132 1497 1173; baseline 0 0"><span class='ocrx_word' id='word_1_219' title='bbox 1441 1132 1497 1173; x_wconf 82' lang='lat'><strong>55</strong></span> 
     </span>
    </p>
   </div>
   <div class='ocr_carea' id='block_1_7' title="bbox 1426 1778 1497 1819">
    <p class='ocr_par' dir='ltr' id='par_1_12' title="bbox 1426 1778 1497 1819">
     <span class='ocr_line' id='line_1_39' title="bbox 1426 1778 1497 1819; baseline 0 0"><span class='ocrx_word' id='word_1_220' title='bbox 1426 1778 1497 1819; x_wconf 82' lang='grc'><strong>’65</strong></span> 
     </span>
    </p>
   </div>
   <div class='ocr_carea' id='block_1_8' title="bbox 1441 2098 1499 2141">
    <p class='ocr_par' dir='ltr' id='par_1_13' title="bbox 1441 2098 1499 2141">
     <span class='ocr_line' id='line_1_40' title="bbox 1441 2098 1499 2141; baseline -0.017 0"><span class='ocrx_word' id='word_1_221' title='bbox 1441 2098 1499 2141; x_wconf 87' lang='grc'><strong>70</strong></span> 
     </span>
    </p>
   </div>
  </div>
 </body>
</html>
