1612 2716
132 119 231 166 280
638 129 977 163 EPISTOLARUM

187 235 279 280 Qui
299 234 406 275 redit
426 234 471 274 in
490 233 622 274 fastos
642 240 684 274 et
703 235 906 274 virtutem
925 234 1123 274 aestimat
1142 234 1281 286 annis,

187 301 452 352 Miraturque
472 300 591 350 nihil,
613 300 696 339 nisi
716 299 832 352 quod
852 300 1042 340 Libitina
1061 300 1256 340 sacravit.

188 366 370 416 Ennius,
392 372 433 405 et
453 365 623 418 sapiens
643 373 684 405 et
706 365 833 416 fortis,
855 372 897 406 et
917 365 1023 405 alter
1042 365 1267 417 Homerus,
1425 365 1483 406 50

187 432 247 472 Ut
267 431 399 471 critici
419 430 579 481 dicunt,
602 431 749 471 leviter
767 444 915 471 curare
936 430 1115 482 videtur,

188 498 291 542 Quo
312 498 518 549 promissa
538 496 696 536 cadant
716 504 758 536 et
778 498 946 537 somnia
967 497 1251 550 Pythagorea.

188 562 381 602 Naevius
402 562 444 601 in
467 562 666 602 manibus
687 575 774 602 non
794 569 868 613 est,
890 568 932 602 et
952 563 1168 603 mentibus
1189 562 1335 602 haeret

190 628 331 667 Paene
354 627 529 668 recens'.l
569 627 689 667 Adeo
710 634 909 667 sanctum
930 634 994 667 est
1010 634 1134 668 vetus
1154 640 1280 668 omne
1300 639 1464 681 poema.

189 693 433 746 Ambigitur
452 693 629 745 quoties,
652 700 745 733 uter
766 700 859 734 utro
880 694 935 734 sit
954 694 1075 746 prior,
1097 693 1235 735 aufert
1429 694 1484 736 55

189 759 408 798 Pacuvius
428 758 540 798 docti
561 758 725 799 famam
746 759 1051 810 senissAccius
1072 759 1147 799 alti
1165 773 1174 811 ;

189 824 357 864 Dicitur
377 823 528 863 Afrani
549 830 647 876 toga
666 824 918 864 convenisse
939 823 1188 875 Menandro,

188 890 370 930 Plautus
392 889 447 929 ad
468 890 688 942 exemplar
708 890 843 930 Siculi
864 903 1085 943 properare
1106 889 1370 943 Epicharmi,

188 956 366 996 Vincere
387 955 601 995 Caecilius
622 955 840 1008 gravitate,
863 955 1094 996 Terentius
1113 962 1214 996 arte.

188 1022 279 1061 Hos
300 1021 449 1061 ediscit
469 1029 511 1061 et
531 1022 609 1061 hos
630 1029 721 1062 arto
742 1023 897 1075 stipata
917 1023 1082 1064 theatro
1430 1024 1487 1066 60

187 1087 361 1139 Spectat
380 1088 519 1127 Roma
540 1094 712 1140 potens;
746 1088 874 1128 habet
893 1084 972 1129 hos
991 1095 1274 1142 numeratque
1294 1096 1440 1143 poetas

187 1151 257 1191 Ad
278 1159 470 1191 nostrum
491 1159 660 1205 tempus
681 1153 779 1193 Livi
800 1154 1011 1206 scriptoris
1032 1155 1088 1195 ab
1108 1167 1226 1195 aevo.

189 1217 410 1257 Interdum
431 1217 592 1271 vulgus
612 1225 776 1258 rectum
796 1218 912 1259 videt
929 1233 938 1272 3
970 1226 1034 1260 est
1054 1220 1128 1260 ubi
1147 1226 1308 1273 peccat.

191 1283 238 1323 Si
259 1290 420 1322 veteres
441 1284 499 1323 ita
522 1284 700 1324 miratur
719 1284 953 1337 laudatque
973 1292 1131 1339 poetas,

191 1349 251 1388 Ut
270 1348 378 1388 nihil
398 1348 616 1400 anteferat,
638 1350 747 1390 nihil
767 1350 850 1390 illis
870 1359 1096 1423 comparet,
1118 1357 1254 1392 errat:
1430 1351 1486 1393 65

191 1414 237 1454 Si
257 1414 473 1466 quaedam
493 1415 622 1454 nimis
643 1416 829 1467 antique,
852 1416 887 1456 si
907 1416 1109 1469 pleraque
1129 1417 1234 1457 dure

190 1478 341 1518 Dicere
362 1479 494 1519 credit
514 1492 596 1530 eos,
619 1480 774 1532 ignave
795 1481 932 1521 multa
953 1481 1118 1533 fatetur,

190 1543 248 1582 Et
269 1544 378 1595 sapit
398 1550 439 1583 et
459 1557 630 1584 mecum
652 1544 753 1584 facit
773 1553 814 1585 et
834 1546 940 1586 Jove
955 1546 1122 1599 judicat
1141 1559 1291 1598 aequo,

190 1607 287 1649 Non
308 1608 506 1660 equidem
528 1609 710 1649 insector
730 1610 967 1649 delendave
987 1611 1179 1649 carmina
1199 1610 1300 1650 Livi

188 1672 297 1711 Esse
319 1686 418 1723 reor,
442 1674 618 1712 memini
638 1686 750 1724 quae
771 1674 996 1726 plagosum
1016 1675 1123 1714 mihi
1143 1687 1274 1727 parvo
1428 1675 1485 1717 70

188 1736 400 1777 Orbilium
421 1737 602 1777 dictare:
635 1738 711 1777 sed
731 1735 959 1778 emendata
980 1738 1114 1779 videri

188 1801 461 1853 Pulchraque
481 1808 523 1841 et
543 1803 705 1842 exactis
727 1803 956 1843 minimum
976 1803 1181 1844 distantia
1200 1805 1340 1846 miror.

189 1867 303 1907 Inter
322 1879 434 1918 quae
456 1867 634 1907 verbum
655 1868 829 1909 emicuit
849 1869 885 1908 si
906 1868 1009 1909 forte
1029 1868 1243 1922 decorum,

189 1933 236 1973 Si
255 1945 404 1972 versus
426 1932 570 1984 paullo
590 1933 835 1974 concinnior
855 1947 970 1974 unus
990 1941 1031 1974 et
1051 1935 1166 1986 alter,

190 1997 353 2051 Injuste
375 2004 514 2037 totum
534 1997 654 2038 ducit
674 1998 905 2051 venditque
925 2012 1088 2052 poema.
1426 2001 1484 2043 ⁶75

189 2062 392 2115 Indignor
411 2054 651 2115 quidquam
671 2064 931 2116 reprehendi,
953 2077 1039 2104 non
1060 2065 1163 2117 quia
1183 2078 1324 2106 crasse

191 2127 485 2180 Compositum
506 2127 727 2180 illepideve
748 2135 928 2180 putetur,
950 2129 1024 2169 sed
1044 2131 1148 2182 quia
1167 2143 1325 2184 nuper:

190 2191 282 2233 Nec
301 2192 475 2232 veniam
495 2193 695 2245 antiquis,
717 2193 792 2232 sed
812 2194 1017 2235 honorem
1037 2202 1078 2235 et
1097 2197 1286 2248 praemia
1305 2196 1433 2250 posci.

191 2258 323 2298 Recte
342 2270 478 2298 necne
496 2270 671 2298 crocum
690 2257 898 2311 floresque
918 2261 1182 2313 perambulet
1200 2261 1328 2302 Attae

667 2428 669 2431 -
721 2402 775 2441 6⁷.
798 2400 906 2442 aedit·
933 2432 940 2441 .
