1612 2716
496 197 654 230 mmm.
722 196 760 229 0.
795 195 916 228 xvn.
1297 179 1395 229 163

205 302 437 354 Fraterque
455 301 604 354 magni
625 300 823 350 Castoris,
843 298 946 339 victi
965 310 1102 352 prece,

204 367 416 419 Adempta
436 367 524 406 vati
546 366 760 406 reddidere
781 365 946 406 lumina
963 378 972 405 :

206 433 264 473 Et
284 439 342 482 tu,
364 439 481 484 potes
501 444 614 482 nam,
638 431 755 471 solve
775 443 844 471 me
865 429 1092 481 dementia,
1339 428 1394 469 45

207 497 246 538 Ο
267 509 345 537 nec
363 497 549 549 paternis
569 496 755 536 obsoleta
776 494 983 546 sordibus,

206 563 296 604 Nec
316 564 360 603 in
382 562 584 615 sepulcris
603 573 839 615 pauperum
859 560 1046 615 prudens
1064 572 1176 601 anus

206 627 493 669 Novendiales
513 626 716 680 dissipare
736 626 960 679 pulveres!

209 693 311 733 Tibi
333 692 538 745 hospitale
559 699 707 745 pectus
726 699 769 732 et
787 705 918 745 purae
938 703 1108 742 manus,

208 758 421 810 Tuusque
441 763 588 797 venter
607 757 893 807 Pactumeius,
914 763 958 796 et
977 763 1051 796 tuo
1343 754 1399 794 50

209 823 366 863 Cruore
386 823 533 863 rubros
552 823 754 863 obstetrix
774 834 940 874 pannos
960 821 1076 873 lavit,

209 888 439 941 Utcunque
460 887 576 928 fortis
594 887 741 928 exsilis
761 899 978 940 puerpera.

517 1084 698 1109 CANIDIAE
725 1084 942 1109 RESPONSIO.

214 1175 336 1220 Quid
356 1176 557 1215 obseratis
577 1177 750 1216 auribus
771 1176 916 1216 fundis
937 1188 1079 1228 preces
1091 1174 1111 1215 2²

214 1241 310 1281 Non
332 1254 439 1280 saxa
459 1240 587 1280 nudis
608 1240 798 1279 surdiora
818 1241 975 1280 navitis

214 1306 439 1358 Neptunus
462 1305 547 1344 alto
568 1305 709 1344 tundit
728 1305 930 1345 hibernus
951 1305 1053 1345 salo.
1346 1305 1401 1345 55

213 1370 382 1411 Inultus
403 1377 451 1410 ut
470 1378 513 1412 tr
537 1370 676 1410 riseris
697 1370 886 1423 Cotyttia

212 1436 408 1488 Vulgata,
431 1448 601 1475 sacrum
621 1435 738 1475 liberi
759 1435 982 1488 cupidinis,

211 1501 281 1551 Et,
303 1500 519 1552 Esquilini
539 1499 730 1552 pontifex
750 1500 943 1550 venefici,

211 1566 393 1618 Impune
409 1573 456 1605 ut
476 1566 636 1606 Urbem
658 1566 829 1606 nomine
850 1565 1034 1617 impleris
1055 1565 1181 1606 meo'.z

213 1628 335 1675 Quid
354 1630 546 1683 proderat
565 1631 722 1671 ditasse
743 1630 943 1683 Pelignas
963 1642 1085 1682 anus,
1348 1630 1404 1671 60

214 1695 464 1735 Velociusve
486 1696 707 1735 miscuisse
727 1696 919 1735 toxicum
931 1696 950 1735 ’.ῑ

214 1759 299 1799 Sed
319 1760 500 1800 tardiora
520 1760 608 1800 fata
627 1767 667 1800 te
688 1761 798 1800 votis
818 1767 994 1800 manent
1010 1775 1020 1813 3

215 1825 386 1877 Ingrata
406 1826 559 1865 misero
577 1826 667 1865 vita
687 1825 886 1866 ducenda
905 1833 969 1865 est
990 1827 1034 1866 in
1054 1826 1147 1877 hoc,

214 1889 346 1930 Novis
366 1897 414 1930 ut
433 1903 569 1943 usque
590 1897 790 1943 suppetas
811 1891 1036 1930 laboribus.

215 1953 344 2005 Optat
362 1955 548 2006 quietem
567 1955 735 2007 Pelopis
755 1955 876 1995 infidi
897 1962 1025 2007 pater,
1346 1955 1400 1996 65

215 2018 360 2070 Egens
379 2020 588 2072 benignae
608 2019 824 2060 Tantalus
846 2033 1010 2072 semper
1029 2020 1175 2074 dapis3

217 2082 347 2134 Optat
365 2084 641 2125 Prometheus
661 2085 874 2138 obligatus
895 2085 997 2136 aliti,

216 2146 346 2198 Optat
365 2160 558 2200 supremo
577 2150 782 2190 collocare
802 2150 1017 2203 Sisyphus

217 2211 269 2250 In
289 2218 430 2251 monte
450 2225 629 2255 saxum:
660 2215 735 2255 sed
753 2221 900 2255 vetant
920 2216 1034 2268 leges
1053 2215 1186 2257 Jovis.

214 2273 340 2315 Voles
359 2275 485 2315 modo
503 2277 600 2317 altis
619 2277 785 2320 desilire
805 2280 1001 2332 turribus,
1106 2323 1110 2327 ,
1342 2278 1399 2320 '70

139 2413 193 2446 50.
215 2394 417 2454 panumeiuss
483 2415 536 2446 56.
559 2422 592 2447 et
606 2422 650 2448 tu.
718 2417 770 2449 eo.
793 2419 941 2458 proderit.
1008 2418 1061 2450 62.
1086 2416 1325 2450 si—manent‘e

361 2466 412 2498 64.
434 2466 600 2500 doloribus.
666 2470 717 2503 65.
740 2470 864 2503 infidus.
931 2470 983 2503 67.
1006 2471 1094 2503 alite.
