1612 2716
116 178 214 224 300
548 189 617 223 mr
648 189 779 221 ARTE
811 189 1028 223 Pomm.

170 293 431 341 Mandentur
443 293 594 347 juveni
614 299 766 345 partes,
788 306 1004 346 pueroque
1024 293 1181 346 viriles,

171 359 348 412 Semper
368 359 412 399 in
433 358 645 412 adjunctis
666 371 857 411 aevoque
878 360 1138 400 morabimur
1157 361 1282 413 aptis.

171 425 260 464 Aut
280 424 420 476 agitur
440 436 505 463 res
527 424 577 463 in.
592 424 740 475 scenis,
763 431 839 464 aut
859 431 956 464 acta
975 424 1162 465 refertur.

171 489 355 542 Segnius
376 489 539 528 irritant
559 490 725 530 animos
745 489 932 529 demissa
952 503 1025 543 per
1045 503 1206 542 aurem,
1385 490 1468 532 180

171 555 323 599 Quam
342 566 454 606 quae
475 561 576 594 sunt
595 554 730 594 oculis
752 556 941 608 subjecta
962 555 1173 607 fidelibus,
1194 562 1238 596 et
1256 568 1370 608 quae

91 633 102 655 ’κ
170 621 267 673 Ipse
289 619 368 659 sibi
388 618 515 664 tradit
536 626 756 672 spectator.
817 620 915 660 Non
937 628 1081 661 tamen
1103 621 1220 661 intus

171 684 318 737 Digna
338 684 425 737 geri
444 697 611 738 promes
631 685 675 724 in
697 698 883 736 scenam,
905 685 1128 738 multaque
1149 685 1272 726 tolles

172 749 245 790 Ex
265 749 412 801 oculis,
433 761 544 802 quae
565 762 668 790 mox
689 757 829 790 narret
850 750 1056 792 facundia
1074 764 1300 804 praesens:

171 814 237 856 Ne
257 827 410 867 pueros
429 827 573 854 coram
593 815 748 868 populo
769 815 922 856 Medea
943 816 1134 868 trucidet,
1389 815 1470 858 185

171 880 262 920 Aut
281 880 475 920 humana
495 880 639 932 palam
659 887 817 933 coquat
836 887 938 921 exta
957 881 1145 922 nefarius
1165 883 1332 934 Atreus,

171 945 261 986 Aut
281 946 326 986 in
346 958 473 985 avem
493 946 659 998 Progne
679 953 878 998 vertatur,
901 946 1096 988 Cadmus
1116 948 1162 988 in
1182 960 1384 1001 anguem.

172 1010 478 1062 Quodcunque
499 1011 687 1051 ostendis
707 1011 815 1051 mihi
835 1012 908 1062 sic,
929 1011 1176 1053 incredulus
1196 1012 1279 1054 odi.

172 1074 292 1116 Neve
313 1076 461 1126 minor,
483 1087 569 1116 neu
589 1077 643 1116 sit
663 1077 812 1128 quinto
832 1077 1072 1130 productior
1091 1084 1194 1120 actu

173 1140 355 1191 Fabula,
377 1153 489 1193 quae
510 1141 626 1194 posci
647 1142 742 1182 vult
761 1149 803 1182 et
823 1150 1012 1195 spectata
1033 1145 1189 1197 reponi.
1389 1144 1472 1186 190

172 1206 264 1246 Nec
284 1205 391 1246 deus
413 1206 585 1258 intersit,
607 1207 690 1247 nisi
709 1207 867 1260 dignus
887 1208 1059 1249 vindice
1079 1209 1220 1251 nodus

174 1271 387 1323 Inciderit,
409 1285 488 1312 nec
509 1279 662 1324 quarta
684 1273 801 1326 loqui
822 1287 1001 1326 persona
1021 1275 1192 1317 laboret.

175 1337 340 1377 Actoris
362 1344 502 1390 partes
523 1338 678 1378 chorus
699 1338 978 1392 officiumque
998 1341 1119 1381 virile

175 1402 400 1454 Defendat,
423 1415 507 1443 neu
530 1403 636 1455 quid
659 1404 822 1444 medios
843 1405 1068 1446 intercinat
1088 1412 1222 1458 actus,

176 1467 311 1512 Quod
330 1481 416 1508 non
438 1470 650 1521 proposito
670 1469 886 1510 conducat
906 1477 948 1510 et
967 1471 1140 1512 haereat
1159 1479 1259 1526 apte
1391 1472 1472 1514 195

175 1533 253 1573 Ille
273 1534 395 1573 bonis
417 1533 645 1586 faveatque
666 1541 708 1574 et
727 1535 971 1576 consilietur
991 1538 1139 1588 amice,

176 1597 236 1637 Et
255 1605 373 1652 regat
393 1599 531 1650 iratos,
554 1606 596 1638 et
615 1607 730 1639 amet
751 1613 923 1652 peccare
944 1602 1164 1652 timentes3

176 1662 254 1703 Ille
276 1663 409 1716 dapes
431 1664 578 1703 laudet
598 1677 772 1704 mensae
792 1666 943 1715 brevis,
957 1666 1036 1720 ¹ille
1058 1666 1273 1707 salubrem

176 1727 201 1768 J
206 1728 395 1767 ustitiam
416 1728 615 1780 legesque
636 1735 678 1767 et
699 1730 853 1780 apertis
873 1730 959 1768 otia
980 1730 1132 1781 portis;

176 1791 254 1832 Ille
275 1800 389 1844 tegat
410 1793 650 1843 commissa,
673 1792 860 1844 deosque
881 1801 1075 1845 precetur
1094 1801 1136 1834 et
1155 1802 1254 1847 oret,
1387 1797 1472 1837 200

176 1857 236 1898 Ut
255 1857 398 1897 redeat
418 1858 594 1908 miseris,
608 1849 742 1898 'abeat
763 1857 933 1898 fortuna
954 1861 1157 1912 superbis.

176 1922 305 1964 Tibia
327 1935 424 1973 non,
448 1929 495 1961 ut
516 1935 642 1972 nunc,
664 1925 877 1963 orichalco
901 1923 1044 1962 vincta
1066 1928 1278 1975 tubaeque

178 1988 374 2040 Aemula,
396 1988 471 2029 sed
492 1989 631 2029 tenuis
653 1989 920 2042 simplexque
941 1992 1146 2031 foramine
1166 2005 1315 2044 pauco,

179 2053 407 2106 Adspirare
428 2062 469 2094 et
490 2054 639 2094 adesse
659 2055 798 2094 choris
819 2062 908 2094 erat
928 2055 1055 2106 utilis,
1079 2063 1207 2108 atque

179 2119 384 2160 Nondum
406 2119 541 2172 spissa
562 2120 690 2159 nimis
709 2120 920 2172 complere
942 2121 1092 2161 sedilia
1113 2122 1245 2163 flatu:
1386 2123 1472 2165 205

179 2185 283 2230 Quo
303 2197 406 2224 sane
427 2185 611 2237 populus
633 2186 919 2237 numerabilis,
943 2194 1086 2239 utpote
1106 2201 1276 2240 parvus,

181 2248 240 2290 Et
259 2248 370 2302 frugi
390 2256 621 2301 castusque
643 2250 995 2303 verecundusque
1016 2253 1166 2293 coibat.

180 2315 417 2368 Postquam
436 2315 570 2368 coepit
592 2328 714 2368 agros
735 2316 961 2357 extendere
984 2318 1127 2369 victor,
1149 2324 1193 2358 et
1212 2318 1361 2359 urbem

367 2466 439 2500 197.
462 2475 577 2506 pacare
591 2470 761 2503 tumentes,
778 2467 931 2499 Orelliuae.
1019 2467 1095 2500 202.
1114 2468 1234 2508 juncta.
