1650 2730
535 192 768 226 mnmn.
833 192 1010 228 (xm.

575 389 814 434 GARMEN
849 389 967 430 XIV.

513 529 591 557 AD
639 530 1019 559 POSTUMUM.

305 656 434 697 Eheu
453 655 639 709 fugaces,
660 656 873 708 Postume,
895 656 1109 708 Postume,

303 721 530 762 Labuntur
548 721 662 772 anni,
684 734 764 761 nec
784 723 918 774 pietas
938 734 1103 762 moram

358 786 498 839 Rugis
518 793 561 826 et

414 852 572 892 Afferet
591 851 907 906 indomitaeque
927 852 1075 905 morti;

579 787 756 827 instanti
776 793 973 827 senectae

303 981 413 1033 Non,
434 982 470 1022 si
491 982 680 1033 trecenis,
702 989 911 1035 quotquot
929 989 1034 1023 eunt
1052 982 1155 1034 dies,

304 1047 464 1098 Amice,
485 1048 628 1100 places
648 1047 986 1088 illacrimabilem

359 1112 543 1153 Plutona
563 1113 705 1163 tauris,
726 1114 803 1165 qui
822 1120 884 1152 ter
902 1113 1097 1165 amplum

415 1177 641 1229 Geryonen
662 1177 913 1229 Tityonque
933 1177 1041 1218 tristi

307 1294 549 1358 Compescit
568 1305 697 1356 unda,
719 1305 878 1345 scilicet
896 1306 1107 1357 omnibus,

306 1371 570 1422 Quicunque
590 1377 722 1410 terrae
741 1383 916 1410 munere
936 1371 1160 1423 vescimur,

361 1435 661 1488 Enaviganda,
682 1435 772 1475 sive
791 1448 912 1488 reges

414 1499 516 1542 Sive
535 1500 682 1552 inopes
701 1499 860 1540 erimus
879 1499 1030 1540 coloni.

304 1628 484 1669 Frustra
502 1635 677 1668 cruento
697 1628 836 1668 Marte
854 1629 1094 1669 carebimus

305 1694 554 1746 Fractisque
574 1694 694 1734 rauci
713 1693 914 1734 fiuctibus
933 1694 1132 1746 Hadriae,

360 1759 537 1799 Frustra
554 1771 629 1811 per
647 1765 879 1798 autumnos
898 1765 1125 1799 nocentem

415 1823 668 1876 Corporibus
686 1830 928 1864 metuemus
947 1824 1180 1865 Austrum:

305 1952 518 1993 Visendus
536 1958 625 1993 ater
643 1952 821 1993 flumine
839 1952 1045 2005 languido

307 2017 488 2070 Cocytos
507 2031 650 2058 errans
670 2024 712 2057 et
730 2018 874 2058 Danai
893 2030 1030 2070 genus

362 2082 527 2123 Infame
547 2082 863 2135 damnatusque
883 2082 1000 2135 longi

418 2147 630 2201 Sisyphus
649 2148 847 2188 Aeolides
866 2148 1032 2188 laboris.

310 2274 566 2327 Linquenda
585 2277 711 2317 tellus
730 2283 773 2317 et
791 2277 944 2318 domus
964 2283 1007 2317 et
1024 2254 1199 2330 placens

312 2338 441 2390 Uxor,
460 2353 598 2392 neque
617 2342 784 2396 harum,
802 2354 910 2394 quas
929 2341 1043 2392 colis,
1061 2342 1258 2381 arborum

200 2457 242 2490 C.
254 2467 319 2490 nv.
337 2459 366 2489 1.
389 2456 474 2495 Heu,
487 2458 560 2490 heu.

647 2461 679 2491 5.
701 2462 830 2492 nicenis
841 2473 850 2498 ;
871 2462 1030 2492 trecentis.

1120 2460 1170 2492 18.
1194 2458 1344 2497 Cocytum.

1373 180 1440 232 5⁹

1383 1372 1438 1413 10

1383 1760 1436 1802 15
