1650 2730
174 206 266 252 102
706 215 970 248 GARMDTUM

473 318 739 372 Robiginem‚
762 325 839 359 aut
858 319 1007 360 dulces
1027 320 1194 361 alumni

528 383 738 425 Pomifero
759 397 886 438 grave
907 391 1077 438 tempus
1098 398 1224 426 anno.

417 515 663 567 Nam‚quae
684 515 818 554 nivali
838 515 1026 567 pascitur
1045 515 1202 568 Algido

417 581 585 621 Devota
604 592 787 631 quercus
807 580 915 619 inter
935 586 976 619 et
996 580 1127 633 ilices,
1461 581 1516 621 10

473 645 562 685 Aut
581 645 730 684 crescit
749 645 928 684 Albanis
948 645 992 685 in
1013 645 1154 685 herbis

531 710 727 761 Victima,
748 709 1002 762 pontificum
1022 722 1192 750 secures

418 839 593 880 Cervice
614 840 774 892 tinget:
805 845 845 879 te
865 839 972 879 nihil
993 839 1143 880 attinet

419 905 607 946 Tentare
628 905 767 945 multa
787 904 918 944 caede
939 904 1178 945 bidentium

475 970 636 1011 Parvos
657 976 931 1009 coronantem
949 969 1116 1010 marino
1459 970 1512 1011 15

530 1035 640 1076 Rore
661 1034 762 1075 deos
782 1034 1007 1088 fragilique
1028 1041 1179 1088 myrto.

418 1165 630 1206 Immunis
652 1177 771 1204 aram
791 1164 828 1204 si
848 1164 985 1217 tetigit
1004 1177 1173 1215 manus,

418 1230 516 1271 Non
538 1236 788 1282 sumptuosa
807 1229 1001 1269 blandior
1021 1229 1161 1268 hostia

475 1294 659 1336 Mollivit
678 1307 848 1334 aversos
869 1295 1050 1334 Penates

530 1360 661 1401 Farre
681 1359 750 1413 pio
768 1365 811 1400 et
830 1359 1008 1400 saliente
1027 1359 1153 1400 mica.
1200 1364 1203 1367 '
1459 1357 1516 1398 20

625 1731 864 1771 GARMEN
901 1731 1060 1771 XXIV.

665 1863 730 1890 IN
772 1861 1031 1889 AVAROS.

314 1969 490 2012 Intactis
510 1969 746 2022 opulentior

370 2034 607 2075 Thesauris
628 2034 819 2074 Arabum
838 2038 879 2072 et
899 2031 1042 2072 divitis
1061 2029 1222 2081 Indiae,

316 2099 559 2141 Caementis
580 2099 678 2139 licet
697 2110 877 2150 occupes

371 2164 651 2216 Tyrrhenum
670 2175 796 2202 omne
817 2161 901 2201 tuis
921 2165 962 2200 et
982 2171 1099 2199 mare
1118 2158 1364 2212 ApuUcum,

317 2229 364 2271 Si
386 2228 477 2281 figit
497 2227 797 2267 adamantinos
1493 2221 1521 2262 5

374 2292 565 2335 Summis
585 2291 811 2331 verticibus
832 2289 922 2329 dira
943 2288 1184 2330 Necessitas

320 2358 488 2408 (ssavos,
510 2369 597 2397 non
616 2356 811 2396 animum
831 2360 960 2405 metu,

299 2486 691 2528 c.xxiii.7.Rubiginem.
824 2484 874 2517 12.
898 2482 1045 2516 securim.
1179 2483 1230 2515 19.
1255 2480 1405 2513 Mollibit.
