1650 2730
542 218 690 252 LIBER
721 219 788 253 tv.
854 219 894 253 0.
928 221 975 254 V.

240 321 415 364 Affulsit
432 322 599 376 populo,
620 323 775 376 gratior
792 323 825 364 it
843 322 946 375 dies,

350 387 410 428 Et
429 387 538 427 soles
557 387 712 428 melius
730 388 876 428 nitent.

242 506 302 547 Ut
320 513 456 547 mater
467 507 682 560 juvenem,
703 519 834 559 quem
853 507 992 548 Notus
1011 507 1157 548 invido

241 571 375 612 Flatu
399 571 619 624 Carpathii
638 578 754 611 trans
774 572 904 612 maris
923 585 1110 625 aequora

239 636 526 676 Cunctantem
545 636 681 689 spatio
701 636 871 690 longius
891 650 1039 678 annuo

352 701 483 742 Dulci
502 701 674 742 distinet
693 714 721 742 a
739 701 880 754 domo,

239 829 359 870 Votis
378 830 678 883 ominibusque
695 837 739 871 et
756 831 952 884 precibus
970 838 1108 884 vocat,

239 894 383 935 Curvo
403 907 483 935 nec
502 894 658 936 faciem
677 896 796 936 litore
833 896 1034 949 dimovet,

240 958 324 1010 Sic,
344 959 561 1000 desideriis
581 960 666 1000 icta
684 959 896 1012 fidelibus,
971 960 975 964 ’

351 1024 534 1068 Quaerit
551 1025 688 1077 patria
707 1025 953 1067 Caesarem.

241 1150 388 1190 Tutus
407 1150 483 1190 bos
503 1155 660 1191 etenim
678 1164 778 1192 rura
796 1153 1075 1205 perambulat,

241 1214 386 1255 Nutrit
404 1227 502 1254 rura
522 1215 648 1255 Ceres
668 1215 868 1268 almaque
887 1217 1118 1269 Faustitas,

243 1278 452 1318 Pacatum
472 1278 651 1319 volitant
669 1292 742 1331 per
760 1292 878 1319 mare
898 1281 1081 1333 navitae,

355 1343 531 1395 Culpari
549 1344 701 1383 metuit
720 1344 851 1384 Fides
866 1358 875 1397 ς

242 1470 384 1511 Nullis
403 1471 606 1524 polluitur
624 1479 743 1512 casta
763 1473 917 1514 domus
937 1475 1105 1527 stupris,

242 1536 337 1576 Mos
357 1543 399 1576 et
418 1536 488 1576 lex
508 1538 778 1578 maculosum
796 1538 986 1579 edomuit
1004 1539 1136 1592 nefas,

241 1600 495 1641 Laudamur
514 1602 642 1642 simili
661 1603 775 1655 prole
793 1615 1032 1656 puerperae,

353 1665 539 1718 Culpam
557 1678 695 1719 poena
713 1667 866 1720 premit
884 1678 1038 1708 comes.

243 1793 357 1838 Quis
372 1793 580 1834 Parthum
594 1801 759 1847 paveat,
776 1796 873 1847 quis
888 1796 1077 1848 gelidum
1091 1798 1294 1851 Scythen,

244 1858 358 1902 Quis
378 1859 606 1898 Germania
625 1872 732 1912 quos
752 1861 920 1900 horrida
939 1863 1119 1914 parturit

245 1922 390 1973 Fetus,
411 1923 614 1963 incolumi
634 1925 846 1964 Caesare‘.l
875 1926 972 1977 quis
991 1926 1103 1966 ferae

354 1987 525 2028 Bellum
543 1995 663 2029 curet
682 1990 879 2030 Hiberiae
891 1990 911 2030 ’.ἲ

248 2112 403 2153 Condit
420 2116 600 2169 quisque
619 2117 732 2157 diem
751 2118 929 2158 collibus
948 2119 994 2158 in
1014 2119 1113 2171 suis,

248 2177 308 2216 Et
326 2179 457 2218 vitem
475 2181 630 2222 viduas
650 2182 768 2222 ducit
786 2182 843 2222 ad
863 2184 1029 2223 arbores
1045 2197 1055 2235 3

249 2240 362 2280 Hinc
382 2241 439 2281 ad
457 2244 559 2283 vina
576 2246 682 2286 redit
701 2246 850 2298 laetus,
871 2254 914 2286 et
932 2247 1074 2287 alteris

361 2304 429 2344 'Pe
448 2308 606 2348 mensis
625 2309 797 2350 adhibet
815 2310 969 2361 deum3

281 2422 312 2455 ⁷.
335 2420 471 2454 Effulsit.
486 2423 568 2456 md.
591 2426 709 2464 gratior
722 2432 756 2458 et
769 2426 892 2460 dies—.
993 2428 1044 2459 14.
1069 2426 1229 2459 demovet.

666 2479 721 2510 31.
742 2481 839 2511 venit.

1322 211 1416 258 128

1364 574 1418 614 10

1363 962 1416 1002 15

1362 2184 1419 2224 30
