1612 2716
160 122 222 174 27
226 126 257 171 4
667 132 1006 168 EPIsToLARUM

159 241 352 288 Qualem
370 238 656 291 commendes,
679 240 809 279 etiam
828 246 957 292 atque
977 240 1107 280 etiam
1126 239 1311 295 adspice,
1331 252 1388 282 ne
1406 251 1510 282 mox

165 307 377 350 [ncutiant
397 306 538 347 aliena
561 306 635 345 tibi
657 312 832 358 peccata
852 304 1069 358 pudorem.

166 373 382 422 Fallimur,
405 379 445 411 et
466 371 687 423 quondam
708 383 793 410 non
815 371 997 423 dignum
1017 371 1248 413 tradimus:
1277 385 1378 426 ergo

160 439 307 484 Quem
329 451 408 478 sua
427 438 555 490 culpa
575 443 747 489 premet,
770 436 973 489 deceptus
993 437 1139 478 omitte
1161 439 1293 492 tueri3

160 504 219 544 Ut
238 504 406 556 penitus
428 510 589 553 notum,
612 502 647 541 si
668 508 831 541 tentent
850 502 1041 553 crimina,
1063 515 1205 543 serves
1457 503 1513 544 80

162 570 421 620 Tuterisque
442 574 515 607 tuo
537 567 742 607 fidentem
763 567 996 619 praesidio:
1028 568 1102 620 qui

165 635 301 674 Dente
324 634 553 673 Theonino
573 645 674 672 cum
695 631 1029 683 circumroditur,
1051 632 1205 686 ecquid

162 699 231 738 Ad
252 705 292 738 te
313 706 406 750 post
426 698 573 750 paullo
594 704 774 737 ventura
795 697 982 750 pericula
1003 698 1165 738 sentis'.l

163 763 277 804 Nam
298 771 373 803 tua
393 776 457 802 res
479 763 629 815 agitur,
651 763 787 815 paries
808 775 909 802 cum
930 763 1299 816 proximus'ardeg

163 829 221 869 Et
241 828 435 880 neglecta
456 828 594 867 solent
614 827 812 867 incendia
834 839 1000 867 sumere
1020 828 1142 868 vires.
1443 828 1516 871 '85

165 894 315 934 Dulcis
337 894 567 945 inexpertis
588 893 758 932 cultura
778 893 960 945 potentis
981 893 1132 946 amici3

163 960 380 1012 Expertus
402 959 565 998 metuit.
626 958 713 1009 Tu,
736 958 841 998 dum
862 964 938 997 tua
957 959 1084 998 navis
1105 959 1150 999 in
1170 959 1255 1000 alto
1274 965 1351 1012 est,

163 1026 256 1065 Hoc
278 1037 368 1077 age,
391 1037 444 1063 ne
466 1030 633 1064 mutata
652 1030 880 1063 retrorsum
900 1030 940 1063 te
961 1023 1068 1064 ferat
1088 1037 1205 1065 aura.

165 1089 359 1129 Oderunt
380 1090 560 1130 hilarem
581 1090 719 1129 tristes
742 1090 990 1142 tristemque
1004 1091 1149 1144 jocosi,

163 1155 372 1195 Sedatum
394 1155 561 1205 celeres,
584 1154 742 1207 agilem
762 1167 1042 1207 gnavumque
1061 1156 1237 1208 remissi,
1459 1157 1516 1198 90

163 1219 334 1260 Potores
357 1220 490 1259 bibuli
512 1219 654 1259 media
674 1219 727 1259 de
747 1226 870 1259 nocte
891 1220 1063 1260 Falerni

163 1285 359 1324 Oderunt
379 1291 569 1337 porrecta
590 1291 823 1337 negantem
842 1285 1007 1338 pocula,
1029 1286 1231 1338 quamvis

163 1350 202 1389 N
205 1358 403 1390 octurnos
417 1351 534 1403 jures
555 1357 594 1390 te
615 1350 840 1390 formidare
861 1363 1051 1403 vapores.

163 1415 299 1454 Deme
322 1416 544 1467 supercilio
565 1416 751 1456 nubem:
782 1416 1033 1469 plerumque
1053 1416 1272 1457 modestus

163 1479 358 1532 Occupat
378 1481 545 1520 obscuri
566 1481 762 1533 speciem,
786 1481 1024 1521 taciturnus
1045 1482 1196 1522 acerbi.
1457 1481 1512 1522 95

163 1544 278 1583 Inter
297 1552 455 1584 cuncta
476 1545 591 1598 leges
612 1552 653 1585 et
673 1547 970 1598 percontabere
991 1546 1147 1596 doctos,

163 1609 269 1653 Qua
289 1611 448 1650 ratione
469 1624 603 1662 queas
625 1610 844 1650 traducere
866 1611 1013 1650 leniter
1033 1623 1215 1661 aevum3

162 1673 280 1713 Num
301 1681 340 1713 te
362 1687 526 1726 semper
546 1675 667 1726 inops
688 1675 818 1726 agitet
838 1681 1050 1726 vexetque
1070 1674 1238 1727 cupido,

161 1737 281 1778 Num
302 1751 432 1790 pavor
452 1745 494 1777 et
514 1751 655 1777 rerum
676 1738 938 1778 mediocriter
958 1739 1129 1779 utilium
1150 1752 1271 1803 spes:

163 1803 372 1842 Virtutem
392 1802 583 1842 doctrina
603 1809 720 1855 paret
740 1810 948 1843 naturane
969 1803 1514 1856 donet3100

163 1867 285 1912 Quid
306 1868 474 1907 minuat
492 1881 629 1919 curas,
651 1867 756 1920 quid
777 1875 817 1907 te
837 1868 912 1908 tibi
933 1869 1081 1909 reddat
1101 1870 1317 1911 amicum:

162 1933 283 1978 Quid
305 1946 406 1985 pure
428 1933 685 1985 tranquillet,
708 1934 843 1973 honos
864 1947 920 1974 an
941 1934 1067 1974 dulce
1088 1935 1317 1977 lucellum:

162 1998 233 2037 An
255 2005 464 2037 secretum
485 1999 561 2038 iter
581 2006 622 2038 et
642 1998 828 2038 fallentis
849 1999 999 2038 semita
1019 2000 1144 2040 vitae.

163 2062 235 2102 Me
255 2063 420 2114 quoties
441 2063 574 2102 reficit
595 2062 761 2116 gelidus
783 2063 984 2115 Digentia
1006 2064 1133 2116 rivus,

163 2128 310 2171 Quem
332 2128 536 2167 Mandela
557 2128 671 2180 bibit,
693 2141 873 2181 rugosus
894 2128 1043 2181 frigore
1063 2142 1214 2182 pagus,
1429 2131 1510 2171 105

163 2191 286 2236 Quid
307 2193 459 2232 sentire
480 2200 618 2245 putas,
640 2193 745 2245 quid
765 2193 912 2243 credis,
935 2194 1082 2246 amice,
1105 2192 1298 2248 precari.²

163 2256 229 2297 Sit
248 2257 365 2308 mihi,
387 2258 503 2310 quod
523 2271 640 2298 nunc
659 2264 734 2309 est,
755 2258 885 2298 etiam
905 2259 1060 2311 minus,
1082 2266 1125 2300 et
1143 2259 1250 2301 mihi
1269 2259 1417 2300 vivam

244 2402 298 2438 87.
322 2413 463 2446 metuet3
485 2413 618 2440 metunt.
707 2406 759 2441 93.
785 2413 917 2447 tepores.
1006 2409 1059 2442 98.
1083 2407 1138 2442 Ne
1152 2413 1196 2442 te.
1284 2408 1337 2443 99.
1362 2400 1429 2442 Kc.
