1612 2716
490 176 912 210 umam

79 278 267 334 Pinguia
280 291 363 320 nee
382 279 506 320 siccis
524 286 704 320 urantur
721 279 888 320 semina
906 278 1053 333 glebis,

139 344 378 398 Utrumque
396 357 495 398 rege
514 350 775 398 temperante
793 343 1019 385 Goelitum.

20 424 23 425 ⁷
81 407 182 450 Non
202 409 289 450 huc
307 410 449 463 Argoo
467 409 686 450 contendit
703 409 861 463 remige
880 410 1021 463 pinus,

137 474 286 527 Neque
306 474 524 527 impudica
542 474 715 515 Colchis
734 474 879 516 intulit
898 474 1076 528 pedem:

80 538 179 580 Non
198 539 284 580 huc
303 539 467 580 Sidonii
486 546 695 580 torserunt
712 552 873 581 cornua
890 547 1062 592 nautae,

135 603 365 644 Laboriosa
386 616 466 644 nec
485 604 635 644 cohors
654 604 809 645 Ulixei.

79 667 212 709 Nulla
230 677 383 710 nocent
401 669 540 722 pecori
558 670 783 723 contagia3
812 669 977 710 nullius
997 670 1100 711 astri

135 734 318 787 Gregem
337 741 537 775 aestuosa
556 741 682 776 tonet
700 735 961 788 impotentia.

79 797 246 851 Jupiter
263 798 338 839 illa
356 799 451 852 piae
471 801 650 840 secrevit
669 800 791 840 litora
810 800 939 853 genti,

134 862 195 903 Ut
213 863 455 916 inquinavit
475 877 571 905 aere
590 872 760 918 tempus
779 878 992 906 aureum:

80 925 199 978 Aere,
219 927 374 969 dehinc
392 928 500 970 ferro
518 929 690 970 duravit
709 930 896 981 saecula,
916 942 1103 983 quorum

136 991 226 1034 Piis
243 994 444 1046 secunda,
463 1002 564 1036 vate
581 1008 664 1048 me,
685 995 812 1036 datur
829 995 947 1049 fuga.

630 1198 775 1208 ——

489 1355 728 1395 GARMEN
771 1356 914 1396 XVII.

257 1475 334 1503 AD
376 1475 699 1504 CANIDIAM
743 1477 1143 1507 VENEFICAM.

597 1594 797 1620 nonanus.

181 1683 310 1724 Jam'
292 1695 385 1737 Jam
403 1683 567 1724 efficaci
585 1683 641 1724 do
660 1697 818 1724 manus
838 1685 1051 1737 scientiae,

180 1747 371 1800 Supplex
389 1755 432 1788 et
450 1761 522 1788 oro
540 1761 671 1801 regna
691 1762 764 1802 per
783 1749 1069 1803 Proserpinae,

182 1811 261 1851 Per
278 1819 321 1852 et
339 1813 507 1853 Dianae
526 1826 613 1854 non
631 1814 845 1855 movenda
864 1816 1057 1867 numina,

180 1876 261 1916 Per
277 1884 406 1930 atque
427 1878 553 1918 libros
570 1880 815 1920 carminum
834 1881 1074 1922 valentium

181 1940 336 1982 Refixa
353 1943 471 1983 coelo
489 1943 695 1984 devocare
714 1944 863 1995 sidera,

183 2005 376 2057 Canidia,
396 2020 520 2060 parce
539 2009 718 2049 vocibus
738 2008 913 2049 tandem
933 2011 1078 2063 sacris,

182 2069 412 2122 Citumque
431 2079 538 2113 retro
557 2074 687 2125 solve,
708 2074 826 2114 solve
846 2075 1072 2117 turbinem.

182 2133 318 2174 Movit
336 2142 531 2188 nepotem
549 2138 771 2192 Telephus
790 2139 1004 2191 Nereium‚

181 2198 233 2239 In
252 2211 382 2250 quem
400 2202 607 2253 superbus
624 2204 838 2245 ordinarat
857 2206 1032 2258 agmina

182 2263 407 2316 Mysorum
425 2271 468 2305 et
484 2265 532 2306 in
549 2278 680 2319 quem
698 2269 784 2310 tela
801 2277 932 2310 acuta
950 2276 1135 2312 torserat.

244 2391 299 2424 61.
321 2394 429 2425 austri.
514 2393 567 2426 63.
588 2398 735 2428 sam-avit.
823 2397 875 2430 65.
899 2398 1008 2431 Acten
1023 2397 1152 2430 dehine.

537 2445 575 2479 C.
589 2449 668 2479 xvii.
683 2450 715 2481 5.
737 2448 863 2482 Defin.

1271 164 1369 214 161
1379 165 1391 178 ⁴

1283 904 1368 979 ‚'65

1312 2270 1400 2318 10ι
