1612 2716
503 189 958 226 namnam
1302 181 1398 233 28'1

53 292 275 336 Praetereo
293 293 463 347 sapiens
481 302 693 347 argentea.
751 294 879 336 Tolle
898 295 1117 348 periclum,

53 359 152 401 Jam
172 371 286 412 vaga
305 359 490 411 prosiliet
510 358 640 399 frenis
661 366 814 400 natura
834 361 1018 401 remotis.

53 424 184 465 Tune
203 424 310 464 mihi
329 423 542 474 dominus,
563 437 703 464 rerum
724 425 910 477 imperiis
930 425 1239 479 hominumque
1342 428 1399 470 75

52 487 140 529 Tot
158 489 372 540 tantisque
393 488 540 538 minor,
559 501 690 540 quem
709 495 770 529 ter
788 489 978 530 vindicta
996 497 1231 543 quaterque

53 553 258 607 Imposita
277 553 397 594 haud
417 566 612 606 unquam
632 555 785 594 misera
805 554 1027 595 formidine
1046 556 1212 608 privet?

53 616 176 659 Adde
196 629 332 671 super,
354 616 478 658 dictis
496 617 611 670 quod
631 631 718 659 non
739 618 877 659 levius
897 619 1064 660 valeat:
1094 633 1209 672 nam,

53 682 155 724 Sive
173 682 360 725 vicarius
379 690 454 734 est,
474 683 550 735 qui
571 696 692 723 servo
711 690 840 736 paret,
862 684 925 724 uti
946 697 1039 725 mos

52 747 200 788 Vester
218 748 289 799 ait,
305 760 383 788 seu
401 761 652 789 conservus:
674 749 750 789 tibi
769 749 875 801 quid
895 762 994 790 sum
1013 750 1119 803 ego'!
1149 750 1315 804 Nempe
1342 751 1400 792 80

53 812 140 864 Tu,
160 812 267 853 mihi
285 813 362 865 qui
381 813 608 865 imperitas,
630 813 703 854 alii
722 814 855 854 servis
874 814 1013 865 miser,
1034 822 1165 868 atque

53 876 243 928 Duceris,
265 883 314 918 ut
331 878 473 918 nervis
493 878 644 918 alienis
663 878 818 919 mobile
838 879 1074 931 lignum.—

53 941 272 986 Qm‘snam
290 942 418 995 igitur
436 942 541 983 liber
551 943 821 996 21-Sapiens‚
843 944 923 984 sibi
942 945 1018 997 qui
1039 945 1301 998 imperiosus,

53 1005 202 1051 Quem
213 1019 353 1058 neque
364 1008 585 1060 pauperies
598 1021 737 1060 neque
752 1021 865 1048 mors
881 1022 1019 1061 neque
1035 1010 1211 1050 vincula
1226 1016 1398 1050 terrent:

52 1070 319 1123 Responsare
337 1071 621 1123 cupidinibus,
641 1080 909 1113 contemnere
929 1074 1109 1114 honores
1342 1075 1400 1115 85

55 1137 205 1187 Fortis,
227 1142 270 1176 ct
288 1136 333 1176 in
354 1149 398 1175 se
419 1136 509 1188 ipso
529 1143 653 1187 totus,
675 1144 781 1176 teres
801 1144 929 1189 atque
948 1138 1169 1188 rotundus,

54 1201 236 1242 Externi
254 1213 309 1241 ne
328 1200 432 1253 quid
452 1201 594 1240 valeat
613 1214 687 1253 per
705 1201 798 1242 leve
818 1202 982 1252 morari,

53 1265 107 1306 In
126 1278 257 1318 quem
275 1278 431 1305 manca
450 1266 535 1305 ruit
553 1278 719 1317 semper
737 1265 917 1305 fortuna.
976 1265 1157 1306 Potesne

54 1330 128 1371 Ex
147 1331 227 1381 his,
250 1337 298 1370 ut
316 1330 542 1383 proprium,
564 1330 668 1381 quid
688 1342 859 1369 noscere
872 1330 891 1369 ’.ἱ
948 1330 1157 1381 Quinque
1182 1329 1344 1371 talenta

55 1395 198 1435 Poscit
215 1402 257 1435 te
274 1395 450 1446 mulier;
482 1401 623 1445 vexat,
646 1394 890 1446 foribusque
909 1394 1130 1447 repulsum
1341 1395 1400 1436 90

54 1459 278 1500 Perfundit
296 1459 461 1512 gelida;
491 1472 639 1499 rursus
659 1466 807 1499 vocat:
837 1459 950 1511 eripe
969 1459 1081 1511 turpi

54 1523 178 1565 Colla
191 1525 318 1577 jugo:
348 1524 483 1574 Liber,
508 1523 611 1564 liber
630 1537 739 1574 sum,
760 1523 830 1564 dic
850 1536 929 1576 age
947 1524 955 1563 !
1016 1524 1114 1564 Non
1133 1524 1255 1576 quis:

55 1589 190 1641 Urget
207 1588 324 1629 enim
343 1588 544 1628 dominus
564 1595 751 1629 mentem
771 1601 857 1628 non
878 1588 996 1639 lenis,
1018 1595 1059 1628 et
1079 1601 1198 1629 acres

55 1653 277 1707 Subjectat
296 1653 408 1693 lasso
428 1653 633 1704 stimulos,
654 1660 880 1706 versatque
900 1660 1143 1706 negantem.

56 1717 135 1759 Vel
154 1731 255 1758 cum
274 1718 486 1758 Pausiaca
505 1725 654 1771 torpes,
675 1719 837 1769 insane,
859 1719 1026 1769 tabella,
1344 1717 1401 1758 95

56 1783 151 1828 Qui
169 1796 321 1835 peccas
340 1784 485 1823 minus
505 1790 634 1835 atque
653 1796 742 1836 ego,
758 1796 865 1823 ⁴cum
884 1783 1017 1823 Fulvi
1035 1783 1325 1836 Rutubaeque

57 1847 147 1887 Aut
164 1846 409 1887 Pacideiani
428 1854 625 1887 contento
644 1848 800 1900 poplite
820 1848 947 1888 miror

60 1911 235 1962 Proelia,
257 1911 423 1951 rubrica
443 1911 556 1963 picta
575 1919 651 1951 aut
668 1913 861 1962 carbone,
882 1912 1002 1951 velut
1022 1912 1059 1951 si

59 1976 124 2017 Re
142 1988 244 2017 vera
262 1982 464 2029 pugnent,
486 1975 638 2016 feriant
657 1976 876 2028 vitentque
896 1983 1117 2016 moventes

8 2033 20 2042 ’
61 2041 194 2081 Arma
212 2040 322 2081 viril!
379 2041 581 2093 Nequam
599 2047 642 2081 et
660 2047 845 2080 cessator
865 2040 1030 2091 Davus,
1051 2047 1097 2081 at
1115 2040 1205 2094 ipse
1319 2040 1402 2081 100

62 2104 238 2145 Subtilis
256 2111 448 2145 veterum
460 2104 596 2158 judex
615 2112 658 2145 et
676 2104 858 2145 callidus
879 2104 1014 2144 audis.

63 2167 138 2209 Nil
156 2180 245 2219 eg0,
267 2168 303 2207 si
321 2167 452 2208 ducor
470 2169 555 2209 libo
574 2168 792 2210 fumante:
823 2169 899 2209 tibi
919 2169 1070 2221 ingens

64 2231 208 2271 Virtus
228 2237 355 2282 atque
376 2232 546 2271 animus
565 2234 708 2274 coenis
727 2240 946 2287 responsat
965 2233 1116 2286 opimis
1127 2233 1148 2273 :1

68 2295 334 2348 Obsequium
351 2295 511 2335 ventris
530 2295 636 2336 mihi
654 2297 929 2349 perniciosius
948 2304 1013 2338 est
1031 2297 1139 2338 cur'!

515 2444 569 2475 81.
591 2443 674 2476 aliis.
761 2445 814 2478 83.
835 2446 965 2484 n‘bique.
