1612 2716
157 147 255 193 214
694 156 979 191 sia-,mmmm

155 264 354 318 Trajecto
374 262 516 304 lateris
536 262 679 303 miseri
698 263 904 315 capitisve
924 261 1077 313 dolore,

154 330 214 371 Ut
234 329 492 382 lethargicus
513 329 594 380 hic,
611 341 713 369 cum
734 328 783 368 fit
803 327 923 381 pugil
943 333 986 367 et
1005 326 1224 368 medicum
1242 332 1435 380 urget.—
1452 325 1509 367 30

154 394 274 436 Dum
293 408 348 435 ne
368 394 473 448 quid
496 395 633 435 simile
655 395 767 445 huic,
791 401 881 433 es-to
902 400 950 433 ut
971 393 1182 434 libet.—O
1203 393 1324 445 bone,
1345 405 1400 434 ne
1420 400 1461 434 te

155 461 398 501 Frustrere:
430 460 593 500 insanis
613 467 655 499 et
676 467 723 500 tu
745 459 949 511 stultique
969 461 1278 514 prope‘omnes,

154 527 201 567 Si
221 525 323 578 quid
345 526 573 566 Stertinius
594 526 682 566 veri
704 532 857 578 crepat,
882 524 996 565 unde
1016 538 1095 578 ego
1114 525 1224 583 mira

154 592 370 644 Descripsi
390 591 539 631 docilis
560 599 787 645 praecepta
807 591 926 641 haec,
949 597 1135 643 tempore
1154 603 1240 643 quo
1260 603 1330 631 me

154 658 327 699 Solatus
341 658 470 711 Jussit
490 658 727 710 sapientem
747 669 919 709 pascere
940 656 1119 696 barbam
1453 655 1510 697 35

153 724 296 776 Atque
315 736 342 763 a
363 723 559 763 Fabricio
579 735 667 762 non
688 723 851 762 tristem
871 728 999 775 ponte
1020 721 1183 762 reverti.

153 789 279 840 Nam,
302 789 415 829 male
435 801 478 828 re
499 795 631 842 gesta,
653 801 755 828 cum
775 787 932 828 vellem
953 787 1117 828 mittere
1137 793 1280 840 operto

154 854 227 895 Me
246 855 384 908 capite
405 855 450 895 in
470 853 647 906 flumen,
669 853 818 894 dexter
839 853 952 893 stetit
971 859 1024 904 et,
1047 853 1166 894 Cave
1184 852 1299 894 faxis

154 920 223 961 Te
243 920 483 973 quidquam
503 920 754 973 indignum3
787 919 941 971 Pudor,
963 919 1113 972 inquit,
1135 926 1176 960 te
1196 919 1340 960 malus
1359 919 1492 974 angit,

154 985 336 1026 Insanos
356 986 431 1039 qui
451 986 560 1026 inter
579 999 751 1026 vereare
772 986 952 1026 insanus
973 985 1131 1025 haberi.
1454 984 1513 1025 40

154 1051 350 1092 Primum
368 1064 473 1092 nam
493 1051 719 1104 inquiram,
741 1050 846 1104 quid
867 1051 922 1091 sit
941 1050 1102 1091 furere:
1132 1050 1215 1091 hoc
1235 1049 1272 1091 si
1291 1049 1368 1091 erit
1387 1049 1432 1091 in
1452 1056 1494 1091 te

154 1116 266 1168 Solo,
288 1117 350 1157 nil
370 1117 497 1168 verbi,
519 1130 667 1170 pereas
687 1117 794 1170 quin
814 1115 983 1168 fortiter,
1005 1115 1178 1156 addam.

154 1182 304 1227 Quem
324 1182 441 1222 mala
462 1182 644 1223 stultitia
665 1188 707 1222 et
726 1195 1031 1235 quemcunque
1052 1182 1221 1223 inscitia
1240 1181 1330 1222 veri

154 1248 346 1288 Caecum
366 1248 467 1301 agit,
490 1248 695 1288 insanum
716 1248 947 1302 Chrysippi
969 1247 1156 1301 porticus
1176 1254 1218 1287 et
1237 1260 1341 1300 grex

154 1314 378 1354 Autumat.
428 1315 549 1354 Haec
569 1314 759 1367 populos,
778 1315 885 1354 haec
907 1326 1087 1366 magnos
1103 1313 1287 1354 formula
1303 1325 1433 1367 reges,
1454 1311 1512 1354 45

154 1379 351 1433 Excepto
371 1381 572 1433 sapiente,
595 1387 720 1420 tenet.
747 1432 753 1436 .
781 1380 910 1420 Nunc
931 1379 1087 1431 accipe,
1108 1391 1240 1430 quare

156 1444 383 1498 Desipiant
402 1459 551 1486 omnes
571 1458 706 1498 aeque
727 1457 778 1485 ac
800 1451 858 1495 tu,
881 1444 956 1497 qui
978 1444 1052 1484 tibi
1073 1456 1232 1484 nomen

155 1510 314 1550 Insano
334 1524 524 1564 posuere.
584 1511 713 1551 Velut
733 1510 864 1562 silvis,
887 1510 960 1550 ubi
981 1510 1144 1563 passim

154 1575 358 1616 Palantes
378 1590 488 1617 error
507 1584 620 1617 certo
640 1576 693 1617 de
715 1577 883 1617 tramite
903 1577 1033 1628 pellit,

154 1640 233 1682 Ille
254 1642 555 1693 sinistrorsum,
578 1642 648 1682 hic
669 1642 939 1682 dextrorsum
959 1642 1058 1691 abit,
1080 1653 1196 1680 unus
1217 1640 1386 1693 utrique
1453 1640 1510 1682 50

154 1705 295 1756 Error,
319 1706 394 1746 sed
414 1707 544 1746 variis
565 1705 708 1745 illudit
728 1706 942 1757 partibus;
976 1706 1056 1744 hoc
1077 1711 1118 1744 te

155 1769 291 1811 Crede
311 1770 437 1810 modo
457 1770 670 1819 insanum,
693 1769 827 1808 nihilo
848 1775 895 1808 ut
916 1769 1143 1820 sapientior
1161 1769 1244 1821 ille,

155 1835 249 1880 Qui
269 1842 310 1875 te
331 1834 501 1884 deridet,
523 1833 713 1873 caudam
734 1834 886 1873 trahat.
947 1833 1029 1873 Est
1049 1847 1186 1886 genus
1207 1847 1348 1877 unum

155 1900 369 1941 Stultitiae
390 1899 578 1939 nihilum
598 1898 830 1939 metuenda
851 1898 1049 1950 timentis,
1072 1906 1120 1939 ut
1139 1900 1272 1954 ignes,

155 1966 214 2006 Ut
233 1977 359 2017 rupes
381 1964 622 2016 fluviosque
643 1964 687 2004 in
707 1976 859 2016 campo
879 1963 1044 2004 obstare
1065 1973 1290 2018 queratur3
1452 1967 1509 2007 55

154 2030 351 2071 Alterum
371 2036 412 2069 et
434 2029 532 2069 huic
555 2042 708 2069 varum
729 2035 770 2069 et
790 2029 924 2069 nihilo
945 2030 1180 2081 sapientius
1201 2031 1321 2084 ignes

154 2095 237 2136 Per
257 2095 417 2135 medios
439 2095 679 2147 fluviosque
700 2094 885 2134 ruentis:
917 2094 1073 2135 clamet
1093 2098 1244 2147 amica,

156 2161 305 2212 Mater,
328 2161 507 2200 honesta
527 2173 642 2200 soror
660 2173 763 2200 cum
783 2161 987 2212 cognatis,
1010 2168 1138 2213 pater,
1148 2175 1282 2203 uxor:

155 2227 239 2268 Hic
258 2226 373 2267 fossa
392 2233 456 2266 est
475 2226 638 2279 iugem,
659 2226 730 2265 hic
751 2238 877 2279 rupes
897 2228 1115 2281 maxima3
1147 2227 1298 2271 servan!

298 2376 351 2410 33.
375 2362 498 2409 veram.
584 2376 637 2408 39.
659 2382 760 2416 urget.
848 2377 900 2409 48.
927 2377 1046 2409 Insani.
1136 2378 1187 2410 50.
1209 2379 1357 2419 utrisque.

399 2429 454 2462 56.
477 2429 612 2462 varium.
700 2428 755 2466 57,
770 2429 823 2461 58.
846 2430 964 2462 clamet
979 2432 1086 2463 amica
1103 2429 1263 2464 Mater--.
