1650 2730
199 156 266 206 90

736 162 1001 200 omma

364 269 627 324 Languescit
644 269 753 311 mihi
771 282 851 310 nec
870 269 1049 322 pinguia
1067 267 1247 311 Gallicis

532 335 742 376 Crescunt
758 334 917 375 vellera
939 334 1122 387 pascuis,

366 465 616 518 Importuna
635 470 780 504 tamen
799 463 1022 516 pauperies
1041 463 1174 514 abest,

363 530 465 581 Nec,
487 529 523 568 si
543 529 665 581 plura
685 529 826 579 velim,
848 534 896 568 tu
916 527 1016 568 dare
1037 527 1233 581 deneges.

363 594 592 634 Contracto
612 592 767 632 melius
787 605 921 645 parva
940 591 1141 646 cupidine

531 657 767 710 Vectigalia
786 657 1009 710 porrigam,

362 786 514 832 Quam
533 786 570 826 si
589 785 836 838 Mygdoniis
855 797 1037 838 regnum
1056 784 1248 838 Alyattei

364 851 542 903 Campis
563 851 822 891 continuem.
882 850 1023 890 Multa
1043 850 1284 902 petentibus

366 916 536 957 Desunt
554 915 692 955 multa
709 929 718 967 ;
750 915 858 961 bene
879 921 953 965 est,
974 914 1046 954 cui
1065 913 1172 953 deus
1191 912 1346 954 obtulit

530 980 678 1032 Parca,
699 979 817 1033 quod
836 979 940 1019 satis
962 985 1039 1030 est,
1059 990 1210 1020 manu.

664 1332 904 1373 GARMEN
943 1331 1085 1372 XVII.

532 1462 608 1490 An
652 1461 892 1489 AELIUM
936 1460 1208 1489 LAMIAM.

417 1576 526 1628 Aeli,
546 1582 715 1616 vetusto
734 1575 886 1616 nobilis
907 1575 963 1615 ab
981 1574 1190 1627 Lamo,—

417 1640 609 1687 Quando
628 1647 671 1680 et
689 1640 844 1692 priores
863 1640 964 1680 hinc
983 1640 1161 1681 Lamias
1180 1639 1322 1682 fenmt

474 1705 782 1746 Denominatos
803 1711 845 1744 et
863 1711 1068 1758 nepotum

530 1769 612 1810 Per
629 1781 838 1810 memores
858 1781 994 1822 genus
1015 1781 1141 1810 omne
1160 1768 1294 1810 fastos

417 1896 601 1936 Auctore
620 1896 677 1937 ab
695 1896 768 1936 illo
788 1896 907 1937 ducit
925 1896 1141 1949 originem,

418 1961 512 2006 Qui
532 1961 803 2001 Formiarum
821 1961 993 2001 moenia
1012 1960 1167 2000 dicitur

473 2025 676 2078 Princeps
695 2032 737 2065 et
756 2025 978 2065 innantem
998 2023 1186 2063 Maricae

529 2089 743 2129 Litoribus
764 2088 950 2128 tenuisse
970 2087 1105 2127 Lirim

417 2215 525 2258 Late
545 2222 754 2268 tyrannus
769 2227 930 2266 3-—cras
950 2213 1060 2254 foliis
1079 2227 1234 2256 nemus

419 2279 570 2322 Multis
589 2285 632 2319 et
650 2278 750 2332 alga
769 2278 871 2318 litus
892 2278 1031 2318 inutili

405 2364 408 2368 >
474 2344 674 2385 Demissa
694 2348 920 2395 tempestas
941 2343 995 2382 ab
1015 2342 1134 2382 Euro

528 2408 706 2460 Sternet,
727 2419 865 2461 aquae
883 2406 967 2448 nisi
985 2405 1095 2448 fallit
1113 2418 1254 2461 augur

1481 2280 1536 2322 10
