1612 2716
148 167 247 216 306
585 175 655 213 nn
685 178 817 213 imm
848 178 1066 214 Pomm.

147 283 344 338 Fingeris
363 283 421 325 ad
439 289 614 333 rectum,
635 290 678 325 et
696 297 771 337 per
789 290 830 324 te
850 284 976 338 sapis,
997 284 1080 325 hoc
1098 283 1175 328 tibi
1193 283 1362 329 dictum

146 350 274 392 Tolle
294 362 481 390 memor:
511 350 635 390 certis
655 350 848 390 medium
868 357 910 390 et
929 350 1145 392 tolerabile
1163 351 1293 393 rebus

145 417 277 458 Recte
298 415 760 456 concedi—consultus
774 417 882 470 juris
902 423 944 456 et
963 423 1080 457 actor

147 483 391 523 Causarum
411 481 647 532 mediocris,
669 482 787 522 abest
810 482 964 522 virtute
985 482 1127 522 diserti
1420 481 1506 534 370

147 546 371 598 Messalae,
394 559 473 586 nec
494 547 584 597 scit,
607 554 821 599 quantum
843 547 1080 587 Cascellius
1101 547 1267 588 Aulus:

146 612 231 653 Sed
254 619 398 652 tamen
419 613 463 651 in
484 613 614 665 pretio
635 620 699 652 est
716 612 1068 662 3—medioeribus
1089 626 1181 653 esse
1202 613 1348 665 poetis,

147 678 246 719 Non
266 679 474 730 homines,
496 692 582 719 non
603 679 658 730 dt,
681 692 767 718 non
787 691 1032 718 concessere
1051 678 1292 719 columnae.

148 744 206 784 Ut
226 751 369 796 gratas
390 744 498 784 inter
517 757 689 783 mensas
710 744 972 796 symphonia
992 743 1151 783 discors

147 808 207 849 Et
226 822 422 849 crassum
443 815 715 862 unguentum
735 816 777 849 et
797 808 933 850 Sardo
947 821 1048 849 cum
1070 808 1196 848 melle
1215 819 1403 862 papaver
1421 807 1507 849 3⁷5

147 873 396 925 Offendunt,
418 882 580 926 poterat
599 874 700 914 duci
720 875 822 926 quia
842 886 976 914 coena
997 874 1088 914 sine
1108 874 1225 914 istis:

146 938 219 979 Sic
239 939 396 979 animis
417 947 571 979 natum
591 939 901 991 inventumque
922 951 1076 992 poema
1088 937 1308 992 juvandis,

145 1003 196 1045 Si
217 1003 414 1056 paullum
435 1017 607 1044 summo
627 1003 819 1055 decessit,
839 1004 977 1056 vergit
996 1003 1053 1044 ad
1073 1003 1223 1044 imum.

148 1068 317 1110 Ludere
337 1069 412 1122 qui
431 1070 578 1119 nescit,
599 1070 912 1122 campestribus
933 1070 1118 1110 abstinet
1137 1068 1281 1121 armis,

149 1135 439 1188 Indoctusque
459 1135 571 1188 pilae
592 1134 754 1175 discive
775 1136 963 1175 trochive
984 1135 1176 1188 quiescit,
1421 1133 1507 1176 380

150 1200 215 1241 Ne
236 1201 398 1253 spissae
418 1201 553 1240 risum
574 1199 725 1241 tollant
746 1201 921 1253 impune
942 1213 1146 1252 coronae3

150 1266 246 1310 Qui
263 1267 410 1317 nescit,
433 1278 582 1306 versus
602 1272 747 1306 tamen
769 1266 900 1306 audet
920 1266 1080 1319 fingere
1093 1265 1341 1311 2-Quidni
1354 1265 1375 1306 ’.ἱ

150 1331 278 1371 Liber
297 1338 338 1371 et
358 1332 584 1384 ingenuus,
606 1333 853 1383 praesertim
873 1344 1029 1372 census
1049 1338 1292 1384 equestrem

150 1396 380 1437 Summam
399 1410 686 1448 nummorum,
709 1397 897 1450 vitioque
917 1404 1104 1437 remotus
1124 1397 1180 1437 ab
1199 1396 1316 1437 omni
1329 1395 1407 1436 2²-

150 1463 226 1502 Tu
247 1462 355 1502 nihil
376 1463 511 1502 invita
531 1462 646 1502 dices
667 1462 852 1502 faciesve
874 1463 1080 1513 Minerva,
1419 1460 1504 1502 385

151 1527 201 1567 Id
222 1527 297 1566 tibi
311 1527 523 1580 judicium
543 1534 618 1578 est,
640 1541 692 1567 ea
713 1541 860 1568 mens:
891 1528 927 1567 si
946 1528 1050 1580 quid
1070 1535 1215 1568 tamen
1234 1527 1338 1568 olim

151 1591 388 1644 Scripseris,
411 1592 453 1632 in
477 1592 582 1631 Meti
602 1592 834 1633 descendat
848 1593 1008 1646 judicis
1028 1606 1164 1643 aures,

151 1656 211 1695 Et
230 1656 371 1708 patris,
393 1662 437 1695 et
454 1664 630 1707 nostras,
653 1670 903 1708 nonumque
923 1664 1139 1708 prematur
1158 1657 1202 1696 in
1223 1668 1400 1708 annum,

152 1720 415 1760 Membranis
436 1721 551 1760 intus
571 1721 728 1772 positis.
789 1708 940 1760 Delere
960 1720 1111 1770 licebit,

150 1784 284 1829 Quod
304 1797 391 1824 non
411 1784 616 1836 edideris;
649 1785 785 1824 nescit
804 1797 890 1824 vox
910 1785 1044 1824 missa
1063 1784 1228 1825 reverti.
1417 1785 1503 1829 390

151 1849 375 1890 Silvestres
395 1848 591 1888 homines
612 1861 732 1889 sacer
752 1849 1040 1901 interpresque
1060 1849 1240 1892 deorum

152 1913 371 1954 Caedibus
390 1919 432 1953 et
451 1913 570 1953 victu
590 1913 714 1953 foedo
731 1913 935 1954 deterruit
955 1913 1165 1967 Orpheus,

153 1979 307 2020 Dictus
327 1978 382 2018 ob
402 1979 483 2019 hoc
505 1977 635 2018 lenire
654 1978 782 2031 tigres
802 1978 1057 2031 rabidosque
1078 1979 1233 2021 leones.

153 2044 307 2085 Dictus
327 2050 369 2083 et
388 2044 617 2097 Amphion,
640 2044 878 2084 Thebanae
897 2044 1088 2084 conditor
1108 2046 1217 2086 arcis

152 2110 273 2151 Saxa
292 2121 461 2149 movere
481 2121 584 2149 sono
604 2109 840 2160 testudinis,
862 2116 904 2149 et
922 2122 1044 2162 prece
1064 2110 1225 2151 blanda
1420 2111 1505 2153 395

153 2175 332 2226 Ducere,
353 2187 438 2227 quo
459 2174 596 2215 vellet.
656 2174 760 2214 Fuit
778 2174 885 2214 haec
907 2175 1115 2228 sapientia
1135 2175 1368 2229 quondam,

153 2239 333 2281 Publica
352 2239 528 2292 privatis
548 2252 774 2290 secernere,
797 2252 918 2280 sacra
938 2240 1135 2293 profaniS‚

154 2304 396 2347 Concubitu
414 2304 633 2358 prohibere
655 2316 775 2357 vag0,
798 2304 899 2346 dare
912 2306 1012 2359 J‘ura
1031 2306 1206 2359 maritis,

724 2453 801 2488 394.
824 2455 920 2487 urbis.

496 2490 517 2503 Q
