1612 2716
163 149 258 195 232
693 159 978 192 §Ammm

163 265 346 315 Dixeris,
369 263 578 316 Experiar
590 263 708 316 3—-Si
728 263 804 314 vis,
825 269 956 316 potes,
977 261 1098 303 addit
1115 267 1159 303 et
1175 262 1318 304 instat.

161 330 379 382 Septimus
398 335 550 368 octavo
570 328 734 381 propior
748 329 840 382 jam
861 327 1016 381 fugerit
1035 340 1190 379 annus,
1454 325 1513 369 40

162 395 235 435 Ex
256 407 342 447 quo
362 394 592 434 Maecenas
611 406 680 433 me
699 394 837 446 coepit
857 394 1011 434 habere
1031 405 1207 434 suorum

164 461 214 501 In
235 472 436 512 numero3
469 459 699 499 dumtaxat
719 459 775 499 ad
794 460 887 510 hoc,
908 471 1038 512 quem
1058 458 1202 499 tollere
1221 457 1357 499 rheda

163 526 300 566 Vellet
320 526 397 565 iter
416 524 588 576 faciens,
610 532 652 565 et
670 526 742 565 cui
761 525 1012 565 concredere
1032 537 1173 577 nugas

164 591 256 631 Hoc
277 604 433 644 genus:
456 591 575 630 Hora
589 597 720 643 quota
732 591 823 631 est?
865 591 1015 630 Threx
1028 597 1093 631 est
1105 590 1279 631 Gallina
1290 590 1399 644 Sym
1410 589 1515 644 pai-‘3

166 656 383 696 Matutina
403 668 557 708 parum
577 663 725 696 cautos
739 657 831 709 jam
851 655 1006 708 frigora
1025 655 1243 708 mordent3
1459 654 1516 696 45

166 721 224 761 Et
244 734 356 773 quae
377 721 533 760 rimosa
553 721 661 761 bene
681 720 954 774 deponuntur
974 720 1018 761 in
1039 733 1154 761 aure.

166 787 247 827 Per
267 793 403 826 totum
423 786 504 826 hoc
525 792 695 839 tempus
715 787 941 840 subjectior
960 786 1005 826 in
1024 785 1140 827 diem
1159 791 1202 826 et
1221 785 1373 828 horam

165 851 386 892 Invidiae:
416 858 557 892 noster
577 851 702 892 ludos
722 858 986 905 spectaverat
1005 864 1106 892 una.

166 918 349 958 Luserat
368 917 413 957 in
432 930 609 970 campo:
641 919 858 958 Fortunae
878 917 1018 958 filius!
1049 929 1210 957 omnes.

167 983 369 1036 Frigidus
389 996 417 1023 a
439 984 600 1023 Rostris
620 991 770 1023 manat
789 996 862 1036 per
880 983 1067 1036 compita
1085 995 1252 1023 rumor:
1463 983 1519 1024 50

167 1049 433 1101 Quicunque
453 1049 607 1088 obvius
627 1055 701 1100 est,
723 1061 793 1089 me
812 1048 1021 1088 consulit:
1054 1048 1093 1088 Ο
1113 1048 1233 1100 bone,
1254 1060 1360 1089 nam
1378 1056 1420 1089 te

168 1115 296 1166 Scire,
317 1114 419 1154 deos
439 1114 645 1166 quoniam
665 1115 837 1167 propius
857 1115 1080 1167 contingis,
1101 1121 1285 1168 oportet3

168 1180 287 1220 Num
307 1179 412 1232 quid
431 1179 484 1219 de
506 1180 638 1220 Dacis
659 1180 817 1220 audisti
830 1180 980 1221 ‘!—Nil
1000 1180 1334 1233 equidem.—-Ut
1353 1186 1402 1220 tu

170 1246 345 1298 Semper
365 1246 446 1285 eris
467 1245 625 1286 derisor
640 1246 766 1286 !-At
786 1258 934 1286 omnes
954 1245 999 1286 di
1018 1246 1236 1299 exagitent
1256 1259 1336 1297 me,

169 1311 215 1351 Si
235 1311 699 1364 quidquam—auidi!
730 1311 936 1351 militibus
956 1312 1163 1364 promissa
1183 1312 1412 1364 Triquetra
1463 1312 1519 1352 55

171 1376 351 1430 Praedia
372 1378 542 1428 Caesar,
565 1390 623 1417 an
642 1383 706 1416 est
726 1377 837 1417 Itala
857 1377 1006 1417 tellure
1026 1376 1206 1417 daturus
1218 1377 1294 1417 '3—

171 1441 197 1481 J
199 1449 395 1481 urantem
416 1455 484 1481 me
505 1442 611 1482 scire
631 1442 751 1493 nihil,
773 1442 995 1493 mirantur,
1016 1449 1064 1482 ut
1085 1455 1224 1483 unum

171 1506 342 1546 Scilicet
363 1508 519 1560 egregii
540 1507 944 1560 mortalem'altique
965 1507 1118 1548 silenti.

171 1570 366 1611 Perditur
385 1572 491 1611 haec
512 1573 620 1612 inter
639 1573 793 1612 misero
813 1573 903 1624 lux,
925 1585 1013 1613 non
1034 1574 1124 1612 sine
1144 1573 1277 1613 votis:

170 1635 209 1675 Ο
231 1648 303 1674 rus
321 1636 328 1674 !
362 1637 535 1688 quando
555 1651 633 1689 ego
654 1645 693 1678 te
713 1638 961 1690 adspiciam,
984 1638 1240 1689 quandoque
1272 1637 1423 1688 licebit,
1463 1638 1519 1678 60

171 1700 299 1740 Nunc
319 1707 513 1740 veterum
535 1702 659 1751 libris,
682 1712 799 1741 rrunc
820 1714 969 1741 somno
989 1708 1030 1741 et
1050 1702 1253 1742 inertibus
1273 1701 1388 1742 horis

170 1764 336 1804 Ducere
359 1765 563 1804 sollicitae
579 1765 774 1818 jucunda
793 1765 952 1805 oblivia
972 1765 1116 1805 vitae?

170 1829 209 1870 Ο
230 1828 404 1881 quando
426 1829 525 1869 faba
545 1830 814 1882 Pythagorae
834 1837 1017 1883 cognata
1039 1831 1252 1884 simulque

170 1895 312 1936 Uncta
332 1895 435 1934 satis
447 1894 604 1947 ,pingui
625 1902 837 1947 ponentur
855 1895 1051 1936 oluscula
1072 1897 1222 1937 lardoit

170 1961 209 2001 O
232 1967 374 2000 noctes
396 1973 640 2013 coenaeque
660 1960 812 2001 desim!
843 1962 1000 2013 quibus
1022 1962 1109 2014 ipse
1131 1963 1298 2015 meique
1460 1964 1516 2004 65

170 2026 280 2065 Ante
303 2025 434 2065 larem
456 2027 670 2079 proprium
691 2040 848 2078 vescor,
873 2039 1107 2079 vernasque
1128 2041 1326 2080 procaces

170 2091 306 2131 Pasco
327 2091 467 2131 libatis
487 2091 700 2145 dapibus?
758 2093 889 2133 Prout
906 2092 1061 2145 cuique
1082 2092 1211 2133 libido
1231 2100 1305 2146 est,

169 2156 312 2197 Siccat
333 2157 581 2209 inaequales
600 2158 755 2198 calices
775 2157 959 2198 conviva
980 2158 1146 2199 solutus

170 2221 358 2274 Legibus
379 2222 553 2274 insanis,
575 2235 652 2263 seu
672 2222 769 2276 quis
788 2223 902 2276 capit
921 2223 1035 2264 acria
1055 2223 1171 2264 fortis

232 2379 287 2412 44.
311 2379 432 2413 Thrax.
519 2382 573 2415 48.
600 2381 744 2414 Invidiae
760 2388 877 2415 noster.
923 2383 1044 2420 Ludos,
1062 2384 1227 2420 Orelliuu
1249 2383 1450 2423 spectaverit.

578 2436 794 2472 49.‚Luseri2.
882 2437 936 2468 57.
960 2438 1100 2468 miratur.
