1650 2730
481 217 724 251 nnmnrv.
790 215 895 248 o.1.

175 323 245 373 Et,
264 321 522 375 quandoque
542 319 747 373 potentior

229 387 357 440 Largi
377 386 624 426 muneribus
643 384 776 424 riserit
796 382 966 435 aemuli,

173 453 363 493 Albanos
383 463 510 504 prope
530 457 570 490 te
591 450 711 490 lacus

230 517 363 556 Ponet
382 527 658 555 marmoream
679 513 760 553 sub
778 513 894 553 trabe
913 511 1052 552 citrea„

174 580 266 621 Illic
285 580 468 633 plurima
486 579 660 619 naribus

229 646 372 686 Duces
391 644 528 694 thura,
551 644 752 696 lyraeque
771 648 813 683 et
832 640 1108 694 Berecyntiae

177 710 448 750 Delectabere
468 709 594 749 tibiae

232 775 380 815 Mixtis
400 774 674 824 carminibus,
695 785 783 813 non
803 771 894 812 sine
914 770 1082 811 fistula:

175 840 268 880 Illic
288 840 353 880 bis
373 840 492 892 pueri
512 839 579 879 die

230 904 401 944 Numen
421 916 523 944 cum
543 903 695 943 teneris
715 901 949 955 virginibus
969 906 1095 940 tuum

175 968 436 1019 Laudantes,
458 968 563 1021 pede
582 967 764 1008 candido

231 1033 282 1072 In
302 1045 462 1072 morem
482 1033 649 1073 Salium
669 1039 729 1070 ter
748 1030 941 1083 quatient
959 1029 1156 1069 humum.

177 1097 248 1136 Me
268 1109 347 1136 nec
366 1095 524 1136 femina
543 1108 622 1135 nec
644 1107 749 1147 puer

231 1161 339 1210 Jam,
362 1173 439 1198 nec
461 1172 555 1211 spes
575 1159 706 1198 animi
726 1158 899 1198 credula
917 1157 1070 1207 mutui,

177 1224 266 1263 Nec
286 1230 443 1262 certare
458 1225 582 1276 juvat
601 1235 727 1272 mero,

230 1288 320 1328 Nec
341 1288 499 1327 vincire
519 1286 641 1326 novis
661 1293 848 1338 tempora
867 1285 1053 1325 floribus.

176 1352 261 1394 Sed
280 1365 366 1403 cur,
387 1352 484 1402 heu,
505 1351 718 1403 Ligurine,
739 1363 816 1389 cur

232 1417 382 1457 Manat
401 1430 494 1456 rara
513 1429 630 1456 meas
650 1415 826 1455 lacrima
845 1427 918 1467 per
937 1426 1069 1467 genas
1083 1412 1103 1453 ’.ῑ

178 1483 265 1522 Cur
285 1481 470 1522 facunda
489 1494 640 1533 parum
660 1480 810 1520 decoro

235 1548 347 1587 Inter
367 1547 495 1586 verba
515 1545 630 1585 cadit
649 1545 798 1598 lingua
817 1543 983 1596 silentio
995 1543 1015 1583 2

177 1611 405 1653 Nocturnis
424 1624 503 1663 ego
523 1610 698 1650 somniis

232 1677 331 1717 Jam
349 1683 523 1729 captum
543 1682 674 1725 teneo,
689 1675 781 1728 jam
798 1673 1016 1713 volucrem
1035 1683 1187 1724 sequor

177 1740 244 1780 Te
263 1753 335 1792 per
354 1740 546 1793 gramina
566 1739 708 1779 Martii

233 1806 395 1858 Campi,
417 1812 457 1845 te
476 1818 549 1857 per
568 1817 715 1857 aquaS‚
737 1803 852 1854 dure,
873 1801 1094 1843 volubiles.

439 1934 488 1966 18.
512 1933 637 1973 Largis.
767 1932 821 1963 20.
845 1928 973 1971 cypria:

200 1986 255 2023 22,
267 1985 320 2017 23.
342 1985 470 2026 lyr-aque
484 1992 518 2018 et
532 1985 851 2025 Berecyntia—tibia.
979 1983 1033 2015 28.
1055 1983 1211 2023 quatiunt.

418 2101 986 2290 ”Q

1277 203 1370 269 με
1437 206 1450 214 ·

1318 832 1373 873 25

1318 1154 1374 1195 30

1315 1799 1373 1841 40
