1650 2730
249 221 343 267 136

781 223 1046 260 OARMWUM

513 335 661 379 Quem
682 331 788 384 legis
808 334 1002 382 expertes
1021 327 1205 368 Latinae

573 396 781 438 Vindelici
801 394 984 435 didicere
1003 405 1150 446 nuper,

461 526 583 573 Quid
605 526 742 567 Marte
762 536 933 578 posses3
966 523 1099 564 milite
1119 534 1224 563 nam
1242 527 1316 562 tuo

462 593 632 634 Drusus
653 592 899 641 Genaunes,
921 587 1202 642 implacidum
1221 599 1370 641 genus,

517 658 796 708 Breunosque
816 655 983 695 veloces
1003 660 1045 695 et
1066 666 1185 694 arces

581 722 760 775 Alpibus
780 721 1001 773 impositas
1021 717 1250 760 tremendis

465 852 629 906 Dejecit
650 864 746 891 acer
765 850 863 904 plus
883 850 977 890 vice
997 848 1203 902 simplici:

465 918 603 971 Maj0r
623 917 844 958 Neronum
864 929 966 956 mox
987 927 1115 968 grave
1136 913 1345 967 proelium

522 982 747 1023 Commisit
766 982 1063 1033 immanesque
1083 980 1242 1020 Raetos

578 1047 792 1101 Auspiciis
812 1045 975 1100 pepulit
994 1044 1206 1096 secundis,

467 1177 737 1231 Spectandus
757 1177 803 1217 in
822 1176 1052 1216 certamine
1072 1174 1241 1224 Martio,

466 1244 635 1285 Devota
656 1242 779 1283 morti
801 1248 967 1295 pectora
987 1241 1143 1281 liberae

523 1308 714 1354 Quantis
734 1307 930 1360 fatigaret
949 1306 1084 1346 ruinis
1101 1319 1111 1346 ε

582 1373 816 1414 Indomitas
837 1384 964 1426 prope
984 1370 1124 1424 qualis
1145 1368 1286 1410 undas

468 1504 655 1545 Exercet
674 1503 839 1552 Auster,
861 1499 1089 1541 Pleiadum
1107 1499 1236 1538 choro

467 1568 698 1610 Scindente
718 1567 866 1617 nubes,
888 1565 1066 1618 impiger
1085 1563 1274 1603 hostium

524 1633 690 1673 Vexare
711 1638 885 1682 turmas,
907 1637 949 1670 et
969 1629 1218 1670 frementem

580 1698 748 1737 Mittere
767 1708 930 1748 equum
949 1693 1112 1734 medios
1132 1706 1206 1746 per
1225 1693 1358 1746 ignes.

468 1836 539 1876 Sic
559 1834 817 1874 tauriformis
836 1833 1023 1873 volvitur
1043 1831 1241 1883 Aufidus,

470 1900 563 1945 Qui
584 1910 715 1952 regna
735 1899 883 1939 Dauni
903 1897 1100 1951 praefluit
1121 1897 1264 1950 Apuli,

527 1965 641 2004 Cum
662 1965 808 2015 saevit,
830 1963 1171 2015 horrendamque
1190 1961 1318 2003 cultis

584 2030 804 2070 Diluviem
823 2028 1053 2070 meditatur
1072 2028 1195 2081 agris,

475 2168 530 2208 Ut
550 2168 824 2208 barbarorum
845 2166 1056 2208 Claudius
1076 2167 1252 2219 agmina

474 2233 651 2273 Ferrata
671 2240 794 2273 vasto
813 2233 943 2273 diruit
962 2232 1136 2285 impetu,

527 2297 776 2349 Primosque
796 2304 838 2338 et
857 2303 1067 2337 extremos
1086 2294 1284 2336 metendo

582 2362 741 2403 Stravit
760 2363 956 2413 humum,
979 2362 1070 2405 sine
1091 2360 1214 2401 clade
1234 2360 1377 2411 victor,

826 2486 880 2523 26.
903 2490 1038 2531 perfluit.

1545 583 1600 625 10

1552 976 1604 1018 15

1547 1367 1606 1408 20

1550 1831 1606 1872 25

1549 2229 1605 2270 30
