1650 2730
180 177 277 226 1238

716 189 983 228 OARMENUM

457 293 524 334 Ne
543 305 677 346 parva
697 292 977 345 Tyrrhenum
995 305 1069 346 per
1088 306 1247 347 aequor

514 359 622 400 Vela
641 358 800 399 darem.
859 359 975 410 Tua,
998 359 1168 410 Caesar,
1189 365 1309 401 aetas

402 491 568 543 Fruges
588 496 630 530 et
651 489 764 542 agris
785 489 927 529 retulit
948 489 1110 540 uberes,

403 555 463 596 Et
483 555 608 608 signa
628 562 771 594 nostro
791 555 972 594 restituit
992 554 1090 594 Jovi

460 621 646 673 Derepta
667 620 924 660 Parthorum
944 619 1138 672 superbis

514 686 725 737 Postibus,
747 692 789 725 et
809 697 1000 725 vacuum
1018 684 1174 725 duellis

401 815 566 857 Janum
587 815 762 860 Quirini
781 815 949 866 clausit,
970 821 1013 855 et
1033 814 1228 856 ordinem

401 880 588 922 Rectum
607 881 812 933 evaganti
831 879 952 920 frena
973 879 1169 920 licentiae

458 945 618 999 Injecit‚
640 946 888 998 emovitque
907 945 1072 998 culpas,

515 1011 575 1051 Et
594 1017 756 1051 veteres
776 1011 995 1051 revocavit
1013 1016 1137 1062 arteS,

405 1141 485 1182 Per
505 1154 615 1193 quas
635 1141 844 1181 Latinum
863 1153 1021 1181 nomen
1041 1146 1084 1180 et
1104 1139 1241 1181 Italae

405 1206 585 1247 Crevere
606 1206 716 1246 vires
738 1205 940 1258 famaque
961 1212 1003 1245 et
1022 1205 1173 1258 impert

461 1272 657 1312 Porrecta
678 1273 878 1326 majestas
899 1271 956 1311 ad
975 1277 1093 1311 ortus

493 1355 496 1358 ⁴
516 1337 629 1378 Solis
649 1337 705 1378 ab
726 1337 931 1390 Hesperio
950 1336 1095 1377 cubili.

402 1467 594 1507 Custode
615 1479 757 1507 rerum
777 1467 972 1516 Caesare,
994 1478 1083 1506 non
1102 1465 1221 1506 furor

403 1532 555 1572 Civilis
576 1538 653 1572 aut
672 1532 738 1571 vis
758 1533 903 1584 exiget
922 1531 1070 1582 otium,

460 1598 558 1638 Non
579 1597 652 1648 ira,
674 1609 786 1649 quae
807 1597 1001 1650 procudit
1019 1609 1144 1636 enses

517 1663 578 1703 Et
597 1663 775 1703 miseras
795 1663 988 1703 inimicat
1008 1662 1146 1703 urbes.

404 1793 515 1843 Non,
537 1794 612 1845 qui
632 1792 897 1846 profundum
918 1792 1172 1833 Danubium
1192 1792 1357 1845 bibunt,

406 1859 563 1900 Edicta
583 1865 782 1912 rumpent
803 1859 931 1910 Julia,
953 1871 1041 1900 non
1062 1858 1208 1911 Getae,

462 1925 562 1966 Non
583 1925 707 1965 Seres
728 1924 906 1964 infidive
927 1925 1095 1976 Persae,

519 1990 617 2031 Non
638 1990 815 2031 Tanain
835 2002 963 2044 prope
983 1990 1149 2038 flumen
1168 1989 1259 2031 orti.

407 2110 582 2163 Nosque
602 2116 644 2150 et
663 2110 857 2163 profestis
877 2110 1046 2150 lucibus
1066 2116 1108 2150 et
1127 2109 1260 2152 saeris

410 2176 525 2216 Inter
538 2176 671 2229 jocosi
691 2188 872 2216 munera
892 2174 1046 2226 Liberi,

464 2242 579 2282 Cum
599 2241 714 2293 prole
734 2241 1026 2293 matronisque
1047 2240 1214 2292 nostris,

522 2306 620 2347 Rite
640 2305 742 2346 deos
762 2306 879 2358 prius
900 2306 1126 2359 apprecati,

371 2427 410 2462 G.
424 2438 478 2461 xv.
493 2427 525 2460 9.
548 2426 669 2459 Janum
686 2427 869 2464 Quirinum,
885 2427 925 2458 de
941 2428 1024 2468 conj.
1161 2427 1211 2459 15.
1234 2432 1352 2460 ortum.

581 2481 632 2513 18.
655 2480 777 2512 eximit.
919 2480 970 2512 19.
994 2480 1150 2519 producit.

1482 878 1538 920 10

1485 1269 1539 1310 15
