1650 2730
590 164 802 200 LIBERI.
869 167 990 200 dv.
1428 153 1458 208 ’1

113 271 242 314 Nunc
261 276 304 312 et
322 271 367 312 in
387 270 597 311 umbrosis
618 271 774 311 Fauno
793 270 915 311 decet
934 270 1155 312 immolare
1174 270 1296 324 lueis,

169 337 258 378 Seu
277 343 423 390 poscat
442 349 566 388 agna,
589 336 678 375 sive
698 335 820 376 malit
839 334 987 375 haedo.

116 400 280 442 Pallida
299 413 411 441 mors
431 413 568 453 aequo
587 400 732 453 pulsat
751 399 857 454 pede
877 413 1117 454 pauperum
1137 400 1335 442 tabernas

167 466 422 518 Regumque
442 472 586 505 turres.
646 465 684 506 O
706 465 827 505 beate
847 465 970 517 Sesti,

113 530 234 571 Vitae
254 543 425 570 summa
444 530 583 570 brevis
600 543 719 582 spem
735 543 813 570 nos
828 536 944 570 vetat
964 530 1163 570 inchoare
1178 526 1364 584 longam.
1398 556 1402 559 -
1420 530 1473 570 15

169 595 269 635 Jam
289 601 329 634 te
349 602 509 657 premet
527 607 627 645 nox,
645 593 900 647 fabulaeque
922 595 1086 646 Manes,

114 659 174 699 Et
193 658 347 699 domus
367 658 491 699 exilis
512 647 736 710 Plutonia3
768 672 854 711 quo
875 659 1004 699 simul
1027 659 1193 711 mearis,

168 724 258 765 Nee
278 736 410 776 regna
429 724 519 764 vini
541 726 708 764 sortiere
730 719 840 775 talis,

113 788 204 830 Nee
225 795 418 828 tenerum
437 788 635 841 Lycidan
654 789 870 839 mirabere,
892 801 978 841 quo
997 794 1107 829 caet
1119 789 1328 843 juventus

167 853 294 894 Nune
314 853 463 907 omnis,
473 860 514 893 et
534 866 636 894 mox
655 853 842 906 virgines
862 854 1102 906 tepebunt.-
1415 856 1472 897 20

622 1186 859 1226 GARMEN
897 1187 946 1226 V.

557 1305 631 1332 AD
681 1305 1024 1333 PYRRHAM.

276 1420 391 1466 Quis
410 1420 550 1461 multa
570 1421 739 1474 gracilis
760 1428 800 1461 te
820 1434 925 1474 puer
944 1421 988 1462 in
1008 1434 1106 1462 rosa

276 1485 480 1526 Perfusus
501 1485 674 1538 liquidis
695 1493 818 1539 urget
844 1486 1042 1527 odoribus

330 1550 471 1602 Grato,
492 1551 670 1603 Pyrrha,
693 1552 775 1591 sub
794 1551 949 1592 antro?

386 1615 470 1656 Cm·
489 1615 651 1656 flavam
670 1616 824 1669 religas
844 1629 1026 1668 comam,
1199 1640 1258 1688 φ

275 1743 469 1798 Simplex
489 1745 744 1785 munditiis?
802 1745 902 1786 Heu
922 1746 1088 1798 quoties
1108 1744 1241 1787 fidem
1443 1747 1471 1788 5

275 1809 550 1862 Mutatosque
570 1810 673 1850 deos
693 1809 822 1862 flebit,
844 1816 887 1851 et
905 1823 1058 1865 aspera

329 1875 474 1928 Nigris
494 1888 678 1927 aequora
698 1876 841 1916 ventis

385 1939 649 1980 Emirabitur
667 1940 866 1992 insolens,

274 2068 367 2112 Qui
386 2081 504 2109 nune
523 2075 564 2110 te
583 2069 736 2110 fruitur
754 2069 957 2110 credulus
976 2082 1130 2122 aurea3

275 2132 368 2177 Qui
387 2146 552 2187 semper
569 2147 768 2185 vacuam,
791 2147 957 2188 semper
975 2134 1206 2175 amabilem
1424 2133 1475 2172 10

329 2197 490 2250 Sperat,
511 2199 681 2239 nescius
701 2212 830 2239 aurae

386 2263 584 2303 Fallacis.
643 2264 799 2315 Miseri,
820 2264 977 2317 quibus

371 2389 422 2421 12.
445 2392 756 2431 agnam—haedum.
951 2393 1003 2426 19.
1026 2392 1194 2432 Lycidam.

223 2437 263 2472 G.
277 2449 308 2471 v.
323 2440 356 2473 5.
379 2442 545 2479 Quotiens.
675 2444 707 2476 8.
730 2451 765 2476 ut
779 2445 966 2484 mirabitur-3
989 2445 1203 2481 demirabitur,
1215 2442 1254 2475 de
1265 2443 1349 2485 conj.
