1612 2716
186 175 285 226 174
723 188 1009 222 sA'rmAnun

186 294 320 334 Dives
341 294 463 348 agris,
484 293 605 334 dives
624 293 771 346 positis
791 294 837 334 in
857 293 1025 334 foenore
1043 293 1260 334 nummis:

184 361 358 405 Quinas
378 361 448 400 hic
468 360 596 413 capiti
618 359 833 400 mercedes
853 365 1038 410 exsecat,
1061 365 1192 412 atque

184 426 364 471 Quanto
384 425 585 479 perditior
605 426 789 478 quisque
809 431 884 476 est,
906 431 1025 464 tanto
1045 425 1187 464 acrius
1206 430 1353 477 urget3
1485 423 1539 465 15

183 492 374 532 Nomina
394 498 589 543 sectatur,
612 491 739 532 modo
761 499 934 545 sumpta
953 498 1072 532 veste
1092 491 1216 543 virili,

183 558 275 599 Sub
295 558 485 610 patribus
506 557 636 609 duris,
660 558 858 598 tironum.
918 558 1123 610 Maxime,
1145 558 1243 611 quis
1262 569 1363 609 non,

182 624 356 677 Jupiter,
378 624 605 675 exclamat,
627 623 756 663 simul
777 630 906 675 atque
927 623 1094 663 audivit
1105 623 1240 664 Ct-At
1259 623 1305 663 in
1323 636 1370 664 se

183 690 264 730 Pro
284 696 469 742 quaestu
489 696 712 743 sumptum
733 688 836 729 facit
855 689 1082 729 hic—Vix
1102 689 1271 729 credere
1290 689 1438 742 possis,
1585 740 1588 742 Ι

182 757 334 800 Quam
355 756 434 796 sibi
454 768 541 796 non
558 756 611 795 sit
631 756 810 807 amicus,
827 755 898 807 ita,
915 762 964 795 ut
984 762 1102 808 pater
1117 755 1200 807 ille,
1219 755 1399 796 Terenti
1481 755 1540 796 20

182 821 352 862 Fabula
372 834 503 874 quem
523 822 729 861 miserum
749 828 879 874 gnato
899 821 1061 861 vixisse
1081 820 1231 874 fugato

181 887 364 938 Inducit,
386 900 474 927 non
494 901 539 927 se
559 888 680 941 pejus
700 887 953 927 cruciaverit
973 894 1102 940 atque
1123 887 1206 927 hic.

181 954 228 994 Si
249 954 345 1006 quis
366 966 483 993 nunc
503 960 692 1006 quaerat,
715 954 819 998 Quo
839 967 905 993 res
926 954 1034 993 haec
1054 952 1264 1006 pertinet?
1314 952 1449 993 Illuc:

181 1019 301 1060 Dum
321 1020 461 1059 vitant
482 1019 601 1059 stulti
621 1019 737 1070 vitia,
759 1020 805 1059 in
825 1019 1036 1059 contraria
1056 1025 1243 1059 currunt.

182 1085 425 1125 Malthinus
446 1085 606 1124 tunicis
627 1084 823 1124 demissis
844 1084 1040 1124 ambulat
1057 1098 1065 1124 :
1097 1090 1162 1124 est
1182 1083 1257 1136 qui
1481 1083 1538 1124 25

180 1152 348 1204 Inguen
369 1151 425 1191 ad
445 1151 707 1191 obscoenum
728 1150 952 1190 subductis
973 1162 1112 1201 usque
1132 1149 1324 1190 facetus:

180 1218 378 1258 Pastillos
399 1217 589 1258 Rufillus
609 1217 705 1267 olet,
728 1216 971 1269 Gargonius
991 1215 1172 1255 hircum.

180 1284 253 1325 Nil
273 1283 467 1324 medium
487 1290 562 1323 est.
622 1283 735 1324 Sunt
755 1283 830 1334 qui
851 1281 990 1321 nolint
1009 1281 1198 1334 tetigisse
1219 1280 1303 1321 nisi
1322 1279 1433 1333 illas,

179 1351 387 1394 Quarum·
404 1349 586 1388 subsuta
606 1348 716 1404 talos
737 1354 853 1400 tegat
874 1347 1019 1387 instita
1040 1353 1181 1386 veste:

180 1416 341 1455 Contra
362 1415 473 1455 alius
494 1415 663 1454 nullam
682 1414 767 1454 nisi
787 1413 917 1453 olenti
938 1413 983 1452 in
999 1412 1157 1452 fornice
1178 1417 1374 1452 stantem.
1481 1410 1539 1452 30

179 1481 377 1526 Quidam
397 1488 524 1521 notus
545 1482 673 1520 homo
693 1492 795 1520 curn
815 1479 950 1519 exiret
969 1477 1139 1528 fornice,
1162 1477 1305 1517 Macte

180 1547 343 1586 Virtute
365 1553 465 1598 esto,
487 1547 627 1598 inquit
647 1538 859 1586 sententia
878 1544 950 1584 dia
971 1543 1172 1584 Catonis:

179 1611 295 1651 Nam
316 1612 446 1652 simul
466 1625 516 1652 ac
538 1625 673 1652 venas
694 1610 863 1651 inflavit
883 1616 990 1650 tetra
1010 1608 1152 1660 libido,

179 1678 278 1717 Huc
293 1679 476 1731 juvenes
496 1690 686 1730 aequum
707 1683 771 1716 est
792 1676 1058 1726 descendere,
1079 1687 1166 1714 non
1187 1672 1353 1714 alienas

179 1744 416 1784 Permolere
438 1742 811 1783 uxores—Nolim
833 1740 1057 1791 laudarier,
1079 1739 1230 1792 inquit,
1481 1739 1546 1796 35,

180 1810 251 1851 Sic
274 1824 353 1860 me,
375 1809 549 1849 mirator
569 1807 703 1848 cunni
724 1806 995 1860 Cupiennius
1017 1805 1116 1845 albi.

180 1876 342 1919 Audire
363 1881 427 1915 est
446 1887 596 1927 operae
617 1873 812 1926 pretium,
834 1872 1057 1926 procedere
1078 1877 1190 1912 recte

180 1943 273 1988 Qui
293 1941 483 1982 moechis
504 1953 591 1980 non
611 1939 755 1990 vultis,
778 1946 827 1979 ut
847 1938 965 1979 omni
985 1945 1103 1992 parte
1123 1938 1341 1993 laborent;

181 2009 324 2060 thue
346 2007 428 2046 illis
449 2006 585 2046 multo
605 2011 803 2058 corrupta
823 2004 966 2044 dolore
986 2004 1199 2057 voluptas,

182 2075 324 2126 Atque
344 2073 452 2112 haec
473 2085 579 2123 rara,
601 2071 729 2112 cadat
749 2071 857 2110 dura
878 2071 986 2110 inter
1006 2082 1132 2121 saepe
1152 2069 1322 2122 pericla.
1481 2070 1540 2112 40

183 2140 267 2181 Hic
289 2152 333 2178 se
354 2138 628 2190 praecipitem
649 2143 758 2176 tecto
779 2135 923 2176 dedit:
955 2134 1028 2174 ille
1047 2133 1229 2187 flagellis

185 2206 254 2248 Ad
274 2211 454 2245 mortem
473 2216 652 2243 caesus:
683 2201 853 2255 fugiens
874 2200 945 2240 hic
966 2199 1124 2240 decidit
1145 2212 1288 2240 acrem

185 2271 457 2314 Praedonum
477 2269 522 2309 in
543 2269 736 2308 turbam:
769 2266 886 2307 dedit
905 2267 976 2306 hic
997 2279 1070 2320 pro
1090 2279 1260 2319 corpore
1280 2278 1483 2306 nummos
1495 2261 1520 2307 :¹

185 2340 318 2380 Hunc
338 2335 662 2390 perminxerunt
681 2333 878 2386 calones3
911 2333 1018 2386 quin
1039 2332 1170 2373 etiam
1190 2331 1299 2372 illud

314 2489 364 2523 18.
387 2488 556 2520 exclamet.
643 2486 698 2519 25.
724 2484 918 2518 Malchinus.
1007 2484 1061 2517 38.
1086 2483 1255 2521 Moechus,
1272 2482 1426 2515 Orelliue.
