1612 2716
95 135 193 184 160
673 146 866 180 amnon
1524 0 1612 207 Ἰ

149 253 221 295 Sic
241 252 412 306 placet?
441 265 501 293 an
520 251 675 292 melius
689 251 788 304 quis
804 251 934 292 habet
954 251 1167 298 suadere?
1213 249 1419 302 Secunda

203 318 358 359 Ratem
378 330 587 370 occupare
606 316 711 369 quid
732 329 950 357 moramur
969 317 1070 358 alite
1083 317 1103 358 ’.ἱ
1605 323 1612 346 ¹

148 383 235 425 Sed
249 385 443 438 juremus
464 383 509 423 in
530 383 661 422 haec:
693 382 823 422 simul
844 382 941 422 imis
962 395 1072 423 saxa
1090 382 1279 424 renarint
1387 382 1446 424 25
1591 390 1612 394 ““

209 449 336 490 Vadis
358 449 510 500 levata,
532 461 587 488 ne
608 447 741 489 redire
763 449 817 490 sit
837 448 982 502 nefas3
1139 437 1145 443 ⁵
1608 491 1612 501 ‚

148 515 244 556 Neu
266 527 471 554 conversa
491 514 670 554 domum
691 515 834 567 pigeat
853 514 955 555 dare
976 515 1119 566 lintea,
1141 513 1316 568 quando
1603 509 1612 569 ἦ

203 580 350 620 Padus
371 580 537 619 Matina
557 579 708 619 laverit
728 580 969 631 cacumina,

146 646 196 687 In
219 658 335 685 mare
356 658 432 685 seu
452 644 593 684 celsus
614 645 862 697 procurrerit
882 644 1153 698 Apenninus,

203 711 414 763 Novaque
436 717 626 750 monstra
638 710 831 764 junxerit
851 709 1026 750 libidine
1388 709 1446 752 30

146 777 283 818 Mirus
304 789 433 827 amor,
448 777 573 830 juvet
594 782 644 815 ut
663 776 790 829 tigres
812 775 1030 816 subsidere
1051 775 1202 828 cervis,

202 842 478 882 Adulteretur
496 847 538 881 et
557 841 759 881 columba
778 841 923 892 miluo,

147 907 334 948 Credula
354 920 433 947 nec
455 919 579 946 ravos
599 907 780 947 timeant
799 912 993 946 armenta
1013 905 1170 957 leones,

201 973 413 1024 Ametque
437 972 552 1012 salsa
573 971 679 1012 levis
700 971 845 1011 hircus
866 983 1064 1023 aequora.

145 1038 276 1089 Haeo,
299 1045 341 1078 et
359 1050 472 1090 quae
493 1043 690 1090 poterunt
711 1035 872 1076 reditus
892 1035 1140 1076 abscindere
1159 1034 1320 1087 dulces,
1387 1034 1444 1076 35

202 1103 370 1143 Eamus
389 1103 529 1142 omnis
548 1108 769 1151 exsecrata
787 1101 951 1153 civitas,

145 1170 235 1210 Aut
255 1182 351 1222 pars
372 1168 545 1208 indocili
566 1167 715 1207 melior
737 1179 862 1220 grege
880 1180 889 1218 ;
921 1165 1064 1206 mollis
1083 1172 1126 1206 et
1144 1177 1300 1218 exspes

202 1235 446 1275 Inominata
466 1233 695 1286 perprimat
714 1231 898 1272 cubilia!

145 1301 241 1351 Vos,
264 1301 420 1352 quibus
441 1307 504 1339 est
524 1299 671 1349 virtus,
694 1297 949 1338 muliebrem
967 1296 1100 1337 tollite
1121 1295 1302 1347 luctum,

202 1366 386 1406 Etrusca
407 1366 569 1417 praeter
588 1371 630 1404 et
649 1363 790 1403 volate
810 1362 943 1403 litora.
1384 1358 1443 1401 40

145 1431 235 1472 Nos
256 1437 402 1474 manet
424 1430 625 1470 Oceanus
645 1420 974 1480 circfimvagus;
1005 1439 1121 1478 arva,
1142 1426 1267 1466 beata

201 1496 404 1535 Petamus
426 1507 541 1546 arva,
562 1494 716 1534 divites
736 1499 779 1533 et
799 1492 975 1543 insulas,

145 1560 303 1601 Reddit
323 1561 396 1599 ubi
419 1560 615 1599 Cererem
638 1558 763 1598 tellus
784 1558 951 1598 inarata
971 1556 1213 1609 quotannis,

202 1625 259 1665 Et
279 1626 490 1678 imputata
510 1624 630 1664 floret
650 1637 788 1676 usque
807 1623 947 1673 vinea,
1277 1659 1292 1667 ,

145 1691 366 1731 Germinat
386 1698 427 1730 et
448 1700 674 1741 nunquam
694 1688 880 1728 fallentis
901 1694 1054 1726 tennes
1074 1685 1224 1736 olivae,
1382 1685 1440 1726 45

200 1757 421 1807 Suamque
443 1754 563 1807 pulla
585 1753 694 1793 ficus
715 1759 838 1792 ornat
857 1752 1061 1802 arborem,

145 1821 278 1863 Mella
297 1834 406 1860 cava
427 1826 607 1859 manant
626 1832 682 1858 ex
702 1818 808 1869 ilice,
830 1818 1048 1858 montibus
1068 1816 1167 1857 altis

199 1887 330 1928 Levis
350 1893 548 1938 crepante
569 1885 749 1938 lympha
769 1883 909 1924 desilit
928 1883 1047 1937 pede.

146 1953 238 1994 Illic
260 1953 446 2005 injussae
469 1951 647 1991 veniunt
668 1950 724 1990 ad
743 1950 926 1990 mulctra
945 1949 1145 2003 capellae,

200 2018 427 2069 Refertque
449 2023 565 2057 tenta
586 2029 689 2069 grex
710 2016 877 2056 amicus
897 2016 1028 2056 ubera
1046 2029 1055 2067 ;
1353 2034 1357 2037 ⁷
1383 2016 1440 2057 50

145 2085 236 2127 Nec
256 2083 522 2136 vespertinus
542 2082 839 2135 circumgemit
858 2093 985 2121 ursus
1005 2080 1127 2132 ovile,

199 2150 350 2202 Neque
371 2148 615 2187 intumescit
635 2147 723 2187 alta
743 2147 897 2200 viperis
917 2146 1089 2186 humus.

144 2215 361 2267 Pluraque
382 2212 526 2252 felices
547 2213 824 2253 mirabimur:
853 2218 904 2252 ut
922 2224 1063 2264 neque
1083 2211 1212 2265 largis

202 2281 403 2334 Aquosus
424 2277 571 2318 Eurus
592 2290 696 2317 arva
716 2277 838 2318 radat
858 2277 1077 2329 imbribus,

218 2431 273 2465 29.
296 2430 482 2471 proruperit.
569 2426 623 2460 33.
647 2426 769 2466 flavos3
789 2426 912 2466 fulvos;
933 2437 1056 2460 saevos.
1146 2427 1199 2460 51„
1221 2425 1308 2458 ovili.
