1612 2716
146 104 244 151 264
651 117 991 184 ammomum

145 221 315 265 Stultus
334 226 512 275 uterque
531 221 676 263 locum
696 223 958 265 immeritum
977 231 1183 268 causatur
1199 226 1372 281 iniquos

143 289 195 330 In
215 288 344 341 culpa
363 294 428 328 est
446 288 630 339 animus,
651 289 727 340 qui
748 302 792 329 se
814 302 900 330 non
920 290 1071 344 effugit
1092 303 1298 345 unquam.

142 355 219 396 Tu
238 353 520 394 mediastinus
541 354 671 394 tacita
692 367 813 407 prece
834 368 934 395 rura
952 357 1140 409 petebas,

141 421 270 461 Nunc
291 420 441 460 urbem
460 426 502 459 et
522 419 646 459 ludos
666 427 709 459 et
728 421 883 461 balnea
904 421 1074 462 villicus
1094 428 1240 475 optas3
1442 423 1496 464 15

141 486 214 526 Me
233 492 425 525 constare
446 485 553 524 mihi
575 486 668 536 scis,
690 493 732 525 et
753 486 968 526 discedere
990 488 1164 538 tristem,

140 550 504 603 Quandocunque
527 551 702 591 trahunt
723 552 863 591 invisa
885 553 1056 605 negotia
1076 553 1274 593 Romam.

140 618 238 658 Non
258 617 408 657 eadem
428 617 656 668 miramur,
689 630 738 657 eo
758 617 1023 658 disconvenit
1045 618 1153 658 inter

140 683 297 736 Meque
318 689 359 722 et
379 689 443 722 te:
474 695 588 733 nam,
610 695 721 735 quae
742 682 909 723 deserta
928 690 970 723 et
989 683 1205 737 inhospita
1225 689 1378 736 tesqua

140 749 300 800 Credis,
322 761 505 788 amoena
524 755 660 799 vocat,
682 761 855 789 mecum
875 749 950 801 qui
971 749 1110 800 sentit,
1132 755 1175 789 et
1194 749 1292 801 odit,
1437 748 1495 788 20

138 815 268 860 Quae
289 821 337 854 tu
357 814 538 867 pulchra
557 821 695 866 putas.
755 814 919 854 Fornix
940 815 1016 854 tibi
1036 821 1078 854 et
1098 821 1232 855 uncta
1250 813 1408 868 popina

138 879 361 921 Incutiunt
382 879 498 919 urbis
518 879 788 930 desiderium,
810 879 946 930 video,
968 885 1010 919 et
1028 879 1145 932 quod

137 946 341 999 Angulus
362 946 440 985 iste
461 945 565 985 feret
584 945 702 998 piper
720 952 762 985 et
782 945 884 985 thus
904 946 1023 985 ocius
1045 956 1154 996 uva余

138 1010 229 1051 Nec
249 1011 394 1050 vicina
413 1011 559 1050 subest
580 1011 733 1050 vinum
753 1011 950 1063 praebere
972 1010 1147 1049 taberna

137 1076 267 1121 Quae
286 1076 418 1128 possit
438 1076 525 1125 tibi,
546 1088 626 1116 nec
647 1075 846 1115 meretrix
867 1074 1049 1120 tibicina,
1071 1072 1195 1124 cujus
1428 1070 1488 1112 25

136 1141 204 1181 Ad
227 1142 448 1194 strepitum
469 1141 600 1180 salias
621 1148 758 1181 terrae
775 1139 940 1193 gravis:
970 1144 1012 1176 et
1032 1143 1176 1176 tamen
1197 1148 1325 1189 urges

135 1206 401 1259 Jampridem
422 1219 509 1246 non
531 1213 644 1245 tacta
666 1204 877 1258 ligonibus
898 1214 1011 1251 arva,
1035 1202 1274 1253 bovemque

136 1272 412 1326 Disjunctum
433 1285 560 1311 curas
581 1278 621 1310 et
643 1270 793 1309 strictis
815 1266 1034 1306 frondibus
1055 1266 1227 1319 exples余

134 1337 267 1377 Addit
287 1350 394 1390 opus
416 1338 533 1389 pigro
554 1337 679 1383 rivus,
703 1333 737 1372 si
759 1332 914 1372 decidit
935 1332 1079 1382 imber,

136 1403 277 1442 Multa
297 1402 407 1442 mole
428 1400 644 1441 docendus
665 1398 806 1449 aprico
827 1410 995 1448 parcere
1016 1403 1146 1449 prato.
1427 1395 1485 1439 30

135 1467 178 1507 N
181 1481 276 1518 unc,
299 1480 387 1518 age,
409 1465 512 1516 quid
535 1469 726 1501 nostrum
747 1468 1003 1501 concentum
1024 1461 1199 1513 dividat,
1222 1461 1338 1502 audi.

133 1533 279 1577 Quem
301 1540 449 1569 tenues
470 1527 647 1566 decuere
669 1533 791 1578 togae
812 1525 1020 1578 nitidique
1040 1527 1194 1579 capilli,

134 1597 278 1645 Quem
299 1594 381 1631 scis
402 1592 637 1631 immunem
660 1591 842 1631 Cinarae
863 1591 1074 1643 placuisse
1095 1591 1250 1644 rapaci,

129 1660 276 1702 Quem
295 1656 492 1696 bibulum
514 1655 666 1707 liquidi
686 1655 829 1694 media
850 1655 902 1694 de
925 1656 1020 1695 luce
1042 1656 1227 1707 Falerni,

128 1723 274 1762 Coena
297 1721 432 1761 brevis
446 1722 572 1773 juvat
591 1726 633 1760 et
652 1733 788 1772 prope-
800 1721 942 1761 rivum
962 1733 1141 1761 somnus
1161 1721 1207 1762 in
1226 1722 1384 1776 herba余
1425 1721 1482 1764 36

127 1786 218 1827 Nec
238 1786 391 1825 lusisse
410 1784 553 1837 pudet,
575 1784 650 1824 sed
670 1797 757 1825 non
777 1785 961 1826 incidere
981 1786 1148 1827 ludum.

126 1851 225 1892 Non
244 1850 339 1890 istic
358 1850 532 1902 obliquo
551 1850 675 1890 oculo
696 1863 794 1891 mea
812 1851 1039 1891 commoda
1059 1852 1295 1905 quisquam

126 1916 280 1967 Limat,
302 1928 389 1955 non
409 1915 507 1955 odio
526 1916 705 1956 obscuro
726 1929 956 1969 morsuque
977 1923 1187 1971 venenat余

125 1981 284 2025 Rident
303 1981 434 2021 vicini
455 1981 602 2034 glebas
622 1988 664 2021 et
684 1995 793 2022 saxa
813 1988 1071 2022 moventem.

127 2048 242 2088 Cum
262 2047 394 2086 servis
416 2047 581 2087 urbana
602 2047 736 2087 diaria
756 2047 900 2087 rodere
921 2047 1084 2099 mavis3
1421 2046 1480 2089 40

127 2113 293 2153 Horum
313 2118 361 2151 tu
381 2112 425 2152 in
445 2125 674 2152 numerum
694 2119 793 2152 voto
812 2112 925 2163 ruis3
958 2112 1122 2152 invidet
1142 2124 1274 2154 usum

126 2177 362 2230 Lignorum
381 2183 422 2215 et
442 2177 602 2228 pecoris
624 2177 699 2217 tibi
719 2177 814 2217 calo
834 2184 1012 2229 argutus
1032 2183 1074 2217 et
1093 2177 1220 2217 horti.

127 2241 258 2294 Optat
277 2241 478 2294 ephippia
497 2242 572 2281 bos
591 2242 717 2295 piger,
740 2248 858 2294 optat
878 2255 996 2282 arare
1016 2242 1222 2283 caballus.

126 2309 278 2353 Quam
297 2307 377 2348 scit
395 2313 584 2360 uterque,
607 2306 755 2359 libenS,
778 2308 970 2359 censeb0,
992 2314 1189 2349 exerceat
1208 2311 1356 2349 artem.
