<?xml version="1.0" encoding="UTF-8"?>
<!DOCTYPE html PUBLIC "-//W3C//DTD XHTML 1.0 Transitional//EN"
    "http://www.w3.org/TR/xhtml1/DTD/xhtml1-transitional.dtd">
<html xmlns="http://www.w3.org/1999/xhtml" xml:lang="en" lang="en">
 <head>
  <title>
</title>
<meta http-equiv="Content-Type" content="text/html;charset=utf-8" />
  <meta name='ocr-system' content='tesseract 3.04.00' />
  <meta name='ocr-capabilities' content='ocr_page ocr_carea ocr_par ocr_line ocrx_word'/>
</head>
<body>
  <div class='ocr_page' id='page_1' title='image "./workswithenglis00horauoft_0293.png"; bbox 0 0 1612 2716; ppageno 0'>
   <div class='ocr_carea' id='block_1_1' title="bbox 544 198 1444 247">
    <p class='ocr_par' dir='ltr' id='par_1_1' title="bbox 544 198 1444 247">
     <span class='ocr_line' id='line_1_1' title="bbox 544 198 1444 247; baseline 0.002 -2"><span class='ocrx_word' id='word_1_1' title='bbox 544 209 758 246; x_wconf 73' lang='lat' dir='ltr'>mr.</span> <span class='ocrx_word' id='word_1_2' title='bbox 820 209 968 245; x_wconf 62' lang='lat' dir='ltr'>xlv.</span> <span class='ocrx_word' id='word_1_3' title='bbox 1345 198 1444 247; x_wconf 72' lang='lat'>249</span> 
     </span>
    </p>
   </div>
   <div class='ocr_carea' id='block_1_2' title="bbox 151 313 1450 1677">
    <p class='ocr_par' dir='ltr' id='par_1_2' title="bbox 151 313 1128 370">
     <span class='ocr_line' id='line_1_2' title="bbox 151 313 1128 370; baseline -0.005 -11"><span class='ocrx_word' id='word_1_4' title='bbox 151 316 351 368; x_wconf 65' lang='lat' dir='ltr'>hm</span> <span class='ocrx_word' id='word_1_5' title='bbox 364 321 419 358; x_wconf 80' lang='lat' dir='ltr'>ut</span> <span class='ocrx_word' id='word_1_6' title='bbox 434 322 615 370; x_wconf 77' lang='lat' dir='ltr'>quaerat</span> <span class='ocrx_word' id='word_1_7' title='bbox 631 326 744 369; x_wconf 76' lang='lat' dir='ltr'>open,</span> <span class='ocrx_word' id='word_1_8' title='bbox 764 321 809 355; x_wconf 88' lang='lat' dir='ltr'>et</span> <span class='ocrx_word' id='word_1_9' title='bbox 825 320 1002 369; x_wconf 77' lang='lat' dir='ltr'>tangere</span> <span class='ocrx_word' id='word_1_10' title='bbox 1018 313 1128 355; x_wconf 78' lang='lat' dir='ltr'>vitet</span> 
     </span>
    </p>

    <p class='ocr_par' dir='ltr' id='par_1_3' title="bbox 152 378 1251 437">
     <span class='ocr_line' id='line_1_3' title="bbox 152 378 1251 437; baseline -0.006 -11"><span class='ocrx_word' id='word_1_11' title='bbox 152 383 331 437; x_wconf 68' lang='lat' dir='ltr'>Scripta,</span> <span class='ocrx_word' id='word_1_12' title='bbox 352 381 577 424; x_wconf 78' lang='lat' dir='ltr'>Palatinus</span> <span class='ocrx_word' id='word_1_13' title='bbox 595 393 880 434; x_wconf 74' lang='lat' dir='ltr'>quaeeunque</span> <span class='ocrx_word' id='word_1_14' title='bbox 897 380 1056 433; x_wconf 79' lang='lat' dir='ltr'>recepit</span> <span class='ocrx_word' id='word_1_15' title='bbox 1072 378 1251 433; x_wconf 81' lang='lat' dir='ltr'>Apollo;</span> 
     </span>
    </p>

    <p class='ocr_par' dir='ltr' id='par_1_4' title="bbox 153 445 1087 500">
     <span class='ocr_line' id='line_1_4' title="bbox 153 445 1087 500; baseline -0.004 -10"><span class='ocrx_word' id='word_1_16' title='bbox 153 449 232 500; x_wconf 87' lang='lat' dir='ltr'>Ne,</span> <span class='ocrx_word' id='word_1_17' title='bbox 252 449 291 489; x_wconf 83' lang='lat' dir='ltr'>si</span> <span class='ocrx_word' id='word_1_18' title='bbox 309 447 415 488; x_wconf 82' lang='lat' dir='ltr'>forte</span> <span class='ocrx_word' id='word_1_19' title='bbox 433 459 537 487; x_wconf 81' lang='lat' dir='ltr'>suas</span> <span class='ocrx_word' id='word_1_20' title='bbox 555 447 783 500; x_wconf 85' lang='lat' dir='ltr'>repetitum</span> <span class='ocrx_word' id='word_1_21' title='bbox 799 445 963 486; x_wconf 82' lang='lat' dir='ltr'>venerit</span> <span class='ocrx_word' id='word_1_22' title='bbox 979 445 1087 487; x_wconf 91' lang='lat' dir='ltr'>olim</span> 
     </span>
    </p>

    <p class='ocr_par' dir='ltr' id='par_1_5' title="bbox 155 510 1226 566">
     <span class='ocr_line' id='line_1_5' title="bbox 155 510 1226 566; baseline -0.003 -12"><span class='ocrx_word' id='word_1_23' title='bbox 155 514 271 554; x_wconf 83' lang='lat' dir='ltr'>Grex</span> <span class='ocrx_word' id='word_1_24' title='bbox 291 513 441 554; x_wconf 80' lang='lat' dir='ltr'>avium</span> <span class='ocrx_word' id='word_1_25' title='bbox 459 512 643 566; x_wconf 78' lang='lat' dir='ltr'>plumas,</span> <span class='ocrx_word' id='word_1_26' title='bbox 663 518 836 552; x_wconf 80' lang='lat' dir='ltr'>moveat</span> <span class='ocrx_word' id='word_1_27' title='bbox 852 510 1071 552; x_wconf 80' lang='lat' dir='ltr'>cornicula</span> <span class='ocrx_word' id='word_1_28' title='bbox 1089 511 1226 551; x_wconf 88' lang='lat' dir='ltr'>risum</span> 
     </span>
    </p>

    <p class='ocr_par' dir='ltr' id='par_1_6' title="bbox 153 575 1446 763">
     <span class='ocr_line' id='line_1_6' title="bbox 154 575 1446 630; baseline -0.002 -11"><span class='ocrx_word' id='word_1_29' title='bbox 154 579 347 620; x_wconf 72' lang='lat' dir='ltr'>Funivis</span> <span class='ocrx_word' id='word_1_30' title='bbox 364 577 531 619; x_wconf 79' lang='lat' dir='ltr'>nudata</span> <span class='ocrx_word' id='word_1_31' title='bbox 546 577 771 618; x_wconf 82' lang='lat' dir='ltr'>coloribus.</span> <span class='ocrx_word' id='word_1_32' title='bbox 828 577 926 630; x_wconf 78' lang='lat' dir='ltr'>Ipse</span> <span class='ocrx_word' id='word_1_33' title='bbox 944 575 1050 629; x_wconf 90' lang='lat' dir='ltr'>quid</span> <span class='ocrx_word' id='word_1_34' title='bbox 1069 575 1205 617; x_wconf 73' lang='lat' dir='ltr'>audoe</span> <span class='ocrx_word' id='word_1_35' title='bbox 1215 576 1237 617; x_wconf 75' lang='lat'>21</span> <span class='ocrx_word' id='word_1_36' title='bbox 1390 576 1446 617; x_wconf 80' lang='lat'>20</span> 
     </span>
     <span class='ocr_line' id='line_1_7' title="bbox 153 640 1420 696; baseline -0.001 -12"><span class='ocrx_word' id='word_1_37' title='bbox 153 645 284 690; x_wconf 75' lang='lat' dir='ltr'>Quae</span> <span class='ocrx_word' id='word_1_38' title='bbox 302 642 620 684; x_wconf 73' lang='lat' dir='ltr'>circumvolitas</span> <span class='ocrx_word' id='word_1_39' title='bbox 637 642 764 695; x_wconf 82' lang='lat' dir='ltr'>agilis</span> <span class='ocrx_word' id='word_1_40' title='bbox 782 642 938 696; x_wconf 81' lang='lat' dir='ltr'>thyma</span> <span class='ocrx_word' id='word_1_41' title='bbox 950 642 971 683; x_wconf 67' lang='grc' dir='ltr'>’.Ι</span> <span class='ocrx_word' id='word_1_42' title='bbox 1020 641 1121 683; x_wconf 89' lang='lat' dir='ltr'>Non</span> <span class='ocrx_word' id='word_1_43' title='bbox 1139 640 1217 683; x_wconf 89' lang='lat' dir='ltr'>tibi</span> <span class='ocrx_word' id='word_1_44' title='bbox 1235 654 1420 696; x_wconf 79' lang='lat' dir='ltr'>parvum</span> 
     </span>
     <span class='ocr_line' id='line_1_8' title="bbox 153 708 1279 763; baseline -0.002 -13"><span class='ocrx_word' id='word_1_45' title='bbox 153 709 395 763; x_wconf 78' lang='lat' dir='ltr'><strong>Ingenium,</strong></span> <span class='ocrx_word' id='word_1_46' title='bbox 414 721 503 749; x_wconf 87' lang='lat' dir='ltr'>non</span> <span class='ocrx_word' id='word_1_47' title='bbox 521 708 735 749; x_wconf 86' lang='lat' dir='ltr'>incultum</span> <span class='ocrx_word' id='word_1_48' title='bbox 753 715 819 748; x_wconf 65' lang='lat' dir='ltr'>oet</span> <span class='ocrx_word' id='word_1_49' title='bbox 835 715 879 748; x_wconf 87' lang='lat' dir='ltr'>et</span> <span class='ocrx_word' id='word_1_50' title='bbox 898 708 1074 761; x_wconf 83' lang='lat' dir='ltr'>turpiter</span> <span class='ocrx_word' id='word_1_51' title='bbox 1091 708 1279 749; x_wconf 85' lang='lat' dir='ltr'>hirtum:</span> 
     </span>
    </p>

    <p class='ocr_par' dir='ltr' id='par_1_7' title="bbox 153 773 1144 828">
     <span class='ocr_line' id='line_1_9' title="bbox 153 773 1144 828; baseline -0.002 -12"><span class='ocrx_word' id='word_1_52' title='bbox 153 775 243 816; x_wconf 81' lang='lat' dir='ltr'>Seu</span> <span class='ocrx_word' id='word_1_53' title='bbox 261 775 458 828; x_wconf 81' lang='lat' dir='ltr'>linguam</span> <span class='ocrx_word' id='word_1_54' title='bbox 475 775 622 815; x_wconf 80' lang='lat' dir='ltr'>causis</span> <span class='ocrx_word' id='word_1_55' title='bbox 641 774 773 825; x_wconf 83' lang='lat' dir='ltr'>acuis,</span> <span class='ocrx_word' id='word_1_56' title='bbox 794 787 871 814; x_wconf 86' lang='lat' dir='ltr'>seu</span> <span class='ocrx_word' id='word_1_57' title='bbox 890 773 1031 814; x_wconf 76' lang='lat' dir='ltr'>civica</span> <span class='ocrx_word' id='word_1_58' title='bbox 1042 774 1144 828; x_wconf 84' lang='lat' dir='ltr'>jura</span> 
     </span>
    </p>

    <p class='ocr_par' dir='ltr' id='par_1_8' title="bbox 152 838 1261 894">
     <span class='ocr_line' id='line_1_10' title="bbox 152 838 1261 894; baseline -0.003 -12"><span class='ocrx_word' id='word_1_59' title='bbox 152 840 425 894; x_wconf 73' lang='lat' dir='ltr'><strong>Respondete</strong></span> <span class='ocrx_word' id='word_1_60' title='bbox 443 853 582 894; x_wconf 65' lang='lat' dir='ltr'>paras»,</span> <span class='ocrx_word' id='word_1_61' title='bbox 602 853 680 880; x_wconf 86' lang='lat' dir='ltr'>seu</span> <span class='ocrx_word' id='word_1_62' title='bbox 698 839 850 880; x_wconf 85' lang='lat' dir='ltr'>condis</span> <span class='ocrx_word' id='word_1_63' title='bbox 868 838 1261 890; x_wconf 81' lang='lat' dir='ltr'>amabilecarmen,</span> 
     </span>
    </p>

    <p class='ocr_par' dir='ltr' id='par_1_9' title="bbox 153 904 1448 1024">
     <span class='ocr_line' id='line_1_11' title="bbox 153 904 1448 960; baseline -0.002 -13"><span class='ocrx_word' id='word_1_64' title='bbox 153 906 297 947; x_wconf 84' lang='lat' dir='ltr'>Prima</span> <span class='ocrx_word' id='word_1_65' title='bbox 315 905 424 960; x_wconf 61' lang='lat' dir='ltr'>feres</span> <span class='ocrx_word' id='word_1_66' title='bbox 443 905 625 946; x_wconf 79' lang='lat' dir='ltr'>hederae</span> <span class='ocrx_word' id='word_1_67' title='bbox 642 906 830 946; x_wconf 82' lang='lat' dir='ltr'>victricis</span> <span class='ocrx_word' id='word_1_68' title='bbox 847 906 1055 959; x_wconf 65' lang='lat' dir='ltr'>praemia·</span> <span class='ocrx_word' id='word_1_69' title='bbox 1113 904 1287 950; x_wconf 79' lang='lat' dir='ltr'><strong>Quodsi</strong></span> <span class='ocrx_word' id='word_1_70' title='bbox 1391 904 1448 944; x_wconf 84' lang='lat'>25</span> 
     </span>
     <span class='ocr_line' id='line_1_12' title="bbox 154 968 1196 1024; baseline -0.001 -12"><span class='ocrx_word' id='word_1_71' title='bbox 154 970 332 1024; x_wconf 76' lang='lat' dir='ltr'>Frigida</span> <span class='ocrx_word' id='word_1_72' title='bbox 349 968 553 1012; x_wconf 84' lang='lat' dir='ltr'>curarum</span> <span class='ocrx_word' id='word_1_73' title='bbox 571 970 762 1012; x_wconf 82' lang='lat' dir='ltr'>fomenta</span> <span class='ocrx_word' id='word_1_74' title='bbox 781 971 1019 1024; x_wconf 84' lang='lat' dir='ltr'>relinquere</span> <span class='ocrx_word' id='word_1_75' title='bbox 1038 984 1196 1024; x_wconf 58' lang='lat' dir='ltr'>posses,</span> 
     </span>
    </p>

    <p class='ocr_par' dir='ltr' id='par_1_10' title="bbox 154 1035 1081 1090">
     <span class='ocr_line' id='line_1_13' title="bbox 154 1035 1081 1090; baseline 0.002 -15"><span class='ocrx_word' id='word_1_76' title='bbox 154 1035 260 1080; x_wconf 82' lang='lat' dir='ltr'>Quo</span> <span class='ocrx_word' id='word_1_77' title='bbox 281 1043 320 1075; x_wconf 88' lang='lat' dir='ltr'>te</span> <span class='ocrx_word' id='word_1_78' title='bbox 337 1036 531 1076; x_wconf 58' lang='lat' dir='ltr'>coelestis</span> <span class='ocrx_word' id='word_1_79' title='bbox 551 1038 763 1090; x_wconf 80' lang='lat' dir='ltr'>sapientia</span> <span class='ocrx_word' id='word_1_80' title='bbox 780 1037 966 1088; x_wconf 86' lang='lat' dir='ltr'>duceret,</span> <span class='ocrx_word' id='word_1_81' title='bbox 987 1037 1081 1076; x_wconf 88' lang='lat' dir='ltr'>ires.</span> 
     </span>
    </p>

    <p class='ocr_par' dir='ltr' id='par_1_11' title="bbox 157 1100 1365 1154">
     <span class='ocr_line' id='line_1_14' title="bbox 157 1100 1365 1154; baseline -0.001 -14"><span class='ocrx_word' id='word_1_82' title='bbox 157 1100 251 1141; x_wconf 84' lang='lat' dir='ltr'>Hoc</span> <span class='ocrx_word' id='word_1_83' title='bbox 270 1113 391 1154; x_wconf 87' lang='lat' dir='ltr'>opus,</span> <span class='ocrx_word' id='word_1_84' title='bbox 411 1101 493 1140; x_wconf 83' lang='lat' dir='ltr'>hoe</span> <span class='ocrx_word' id='word_1_85' title='bbox 513 1101 705 1141; x_wconf 86' lang='lat' dir='ltr'>studium</span> <span class='ocrx_word' id='word_1_86' title='bbox 724 1103 845 1154; x_wconf 82' lang='lat' dir='ltr'>parvi</span> <span class='ocrx_word' id='word_1_87' title='bbox 865 1114 1138 1154; x_wconf 89' lang='lat' dir='ltr'>properemus</span> <span class='ocrx_word' id='word_1_88' title='bbox 1158 1108 1200 1140; x_wconf 92' lang='lat' dir='ltr'>et</span> <span class='ocrx_word' id='word_1_89' title='bbox 1219 1100 1365 1153; x_wconf 83' lang='lat' dir='ltr'>ampli,</span> 
     </span>
    </p>

    <p class='ocr_par' dir='ltr' id='par_1_12' title="bbox 156 1166 1096 1219">
     <span class='ocr_line' id='line_1_15' title="bbox 156 1166 1096 1219; baseline -0.002 -12"><span class='ocrx_word' id='word_1_90' title='bbox 156 1166 204 1207; x_wconf 91' lang='lat' dir='ltr'>Si</span> <span class='ocrx_word' id='word_1_91' title='bbox 222 1166 382 1219; x_wconf 83' lang='lat' dir='ltr'>patriae</span> <span class='ocrx_word' id='word_1_92' title='bbox 401 1166 615 1216; x_wconf 84' lang='lat' dir='ltr'>volumus,</span> <span class='ocrx_word' id='word_1_93' title='bbox 637 1167 673 1205; x_wconf 93' lang='lat' dir='ltr'>si</span> <span class='ocrx_word' id='word_1_94' title='bbox 692 1167 814 1206; x_wconf 89' lang='lat' dir='ltr'>nobis</span> <span class='ocrx_word' id='word_1_95' title='bbox 834 1167 977 1206; x_wconf 87' lang='lat' dir='ltr'>vivere</span> <span class='ocrx_word' id='word_1_96' title='bbox 996 1166 1096 1206; x_wconf 84' lang='lat' dir='ltr'>cari.</span> 
     </span>
    </p>

    <p class='ocr_par' dir='ltr' id='par_1_13' title="bbox 157 1229 1450 1346">
     <span class='ocr_line' id='line_1_16' title="bbox 158 1229 1450 1281; baseline 0 -11"><span class='ocrx_word' id='word_1_97' title='bbox 158 1231 301 1271; x_wconf 85' lang='lat' dir='ltr'>Debes</span> <span class='ocrx_word' id='word_1_98' title='bbox 321 1231 402 1270; x_wconf 89' lang='lat' dir='ltr'>hoc</span> <span class='ocrx_word' id='word_1_99' title='bbox 422 1231 552 1270; x_wconf 87' lang='lat' dir='ltr'>etiam</span> <span class='ocrx_word' id='word_1_100' title='bbox 570 1231 805 1281; x_wconf 85' lang='lat' dir='ltr'>rescribere,</span> <span class='ocrx_word' id='word_1_101' title='bbox 827 1231 863 1270; x_wconf 93' lang='lat' dir='ltr'>si</span> <span class='ocrx_word' id='word_1_102' title='bbox 883 1231 959 1270; x_wconf 91' lang='lat' dir='ltr'>tibi</span> <span class='ocrx_word' id='word_1_103' title='bbox 978 1243 1119 1281; x_wconf 86' lang='lat' dir='ltr'>curae,</span> <span class='ocrx_word' id='word_1_104' title='bbox 1392 1229 1450 1271; x_wconf 78' lang='lat'>30</span> 
     </span>
     <span class='ocr_line' id='line_1_17' title="bbox 157 1295 1228 1346; baseline -0.001 -10"><span class='ocrx_word' id='word_1_105' title='bbox 157 1297 363 1342; x_wconf 75' lang='lat' dir='ltr'>Quantae</span> <span class='ocrx_word' id='word_1_106' title='bbox 382 1296 622 1346; x_wconf 83' lang='lat' dir='ltr'>conveniat,</span> <span class='ocrx_word' id='word_1_107' title='bbox 644 1295 879 1346; x_wconf 77' lang='lat' dir='ltr'>Munatius,</span> <span class='ocrx_word' id='word_1_108' title='bbox 901 1309 959 1335; x_wconf 88' lang='lat' dir='ltr'>an</span> <span class='ocrx_word' id='word_1_109' title='bbox 978 1295 1094 1335; x_wconf 88' lang='lat' dir='ltr'>male</span> <span class='ocrx_word' id='word_1_110' title='bbox 1113 1302 1228 1335; x_wconf 87' lang='lat' dir='ltr'>sarta</span> 
     </span>
    </p>

    <p class='ocr_par' dir='ltr' id='par_1_14' title="bbox 158 1357 1315 1414">
     <span class='ocr_line' id='line_1_18' title="bbox 158 1357 1315 1414; baseline -0.002 -12"><span class='ocrx_word' id='word_1_111' title='bbox 158 1361 306 1402; x_wconf 86' lang='lat' dir='ltr'>Gratia</span> <span class='ocrx_word' id='word_1_112' title='bbox 326 1361 621 1414; x_wconf 86' lang='lat' dir='ltr'>nequidquam</span> <span class='ocrx_word' id='word_1_113' title='bbox 640 1361 725 1401; x_wconf 84' lang='lat' dir='ltr'>coit</span> <span class='ocrx_word' id='word_1_114' title='bbox 743 1357 1089 1400; x_wconf 70' lang='lat' dir='ltr'>et&#39;rescinditur?</span> <span class='ocrx_word' id='word_1_115' title='bbox 1146 1361 1215 1412; x_wconf 87' lang='lat' dir='ltr'>At,</span> <span class='ocrx_word' id='word_1_116' title='bbox 1235 1372 1315 1400; x_wconf 82' lang='lat' dir='ltr'>vos</span> 
     </span>
    </p>

    <p class='ocr_par' dir='ltr' id='par_1_15' title="bbox 159 1426 1234 1545">
     <span class='ocr_line' id='line_1_19' title="bbox 159 1426 1234 1479; baseline -0.002 -11"><span class='ocrx_word' id='word_1_117' title='bbox 159 1427 249 1468; x_wconf 90' lang='lat' dir='ltr'>Seu</span> <span class='ocrx_word' id='word_1_118' title='bbox 266 1426 434 1466; x_wconf 86' lang='lat' dir='ltr'>calidus</span> <span class='ocrx_word' id='word_1_119' title='bbox 454 1427 631 1479; x_wconf 85' lang='lat' dir='ltr'>sanguis</span> <span class='ocrx_word' id='word_1_120' title='bbox 652 1439 730 1466; x_wconf 89' lang='lat' dir='ltr'>seu</span> <span class='ocrx_word' id='word_1_121' title='bbox 750 1439 892 1466; x_wconf 90' lang='lat' dir='ltr'>rerum</span> <span class='ocrx_word' id='word_1_122' title='bbox 911 1426 1084 1466; x_wconf 89' lang='lat' dir='ltr'>inscitia</span> <span class='ocrx_word' id='word_1_123' title='bbox 1102 1432 1234 1466; x_wconf 81' lang='lat' dir='ltr'>vexat</span> 
     </span>
     <span class='ocr_line' id='line_1_20' title="bbox 160 1490 1174 1545; baseline 0.001 -14"><span class='ocrx_word' id='word_1_124' title='bbox 160 1490 374 1532; x_wconf 89' lang='lat' dir='ltr'>Indomita</span> <span class='ocrx_word' id='word_1_125' title='bbox 393 1492 557 1531; x_wconf 80' lang='lat' dir='ltr'>cervice</span> <span class='ocrx_word' id='word_1_126' title='bbox 577 1491 697 1542; x_wconf 85' lang='lat' dir='ltr'>feros,</span> <span class='ocrx_word' id='word_1_127' title='bbox 718 1492 964 1545; x_wconf 90' lang='lat' dir='ltr'>ubicunque</span> <span class='ocrx_word' id='word_1_128' title='bbox 984 1491 1174 1532; x_wconf 81' lang='lat' dir='ltr'>locorum</span> 
     </span>
    </p>

    <p class='ocr_par' dir='ltr' id='par_1_16' title="bbox 161 1555 1450 1677">
     <span class='ocr_line' id='line_1_21' title="bbox 161 1555 1450 1610; baseline 0 -13"><span class='ocrx_word' id='word_1_129' title='bbox 161 1557 325 1607; x_wconf 73' lang='lat' dir='ltr'>vivitis,</span> <span class='ocrx_word' id='word_1_130' title='bbox 346 1556 511 1609; x_wconf 85' lang='lat' dir='ltr'>indigni</span> <span class='ocrx_word' id='word_1_131' title='bbox 530 1556 764 1597; x_wconf 83' lang='lat' dir='ltr'>fraternum</span> <span class='ocrx_word' id='word_1_132' title='bbox 782 1570 976 1610; x_wconf 90' lang='lat' dir='ltr'>rumpere</span> <span class='ocrx_word' id='word_1_133' title='bbox 996 1555 1171 1597; x_wconf 88' lang='lat' dir='ltr'>foedus:</span> <span class='ocrx_word' id='word_1_134' title='bbox 1393 1555 1450 1597; x_wconf 83' lang='lat'>35</span> 
     </span>
     <span class='ocr_line' id='line_1_22' title="bbox 161 1621 1217 1677; baseline 0 -14"><span class='ocrx_word' id='word_1_135' title='bbox 161 1621 358 1663; x_wconf 56' lang='lat' dir='ltr'>Pascitur</span> <span class='ocrx_word' id='word_1_136' title='bbox 376 1622 422 1662; x_wconf 90' lang='lat' dir='ltr'>in</span> <span class='ocrx_word' id='word_1_137' title='bbox 440 1629 632 1663; x_wconf 67' lang='lat' dir='ltr'>voetrum</span> <span class='ocrx_word' id='word_1_138' title='bbox 651 1622 839 1663; x_wconf 87' lang='lat' dir='ltr'>reditum</span> <span class='ocrx_word' id='word_1_139' title='bbox 856 1623 1003 1663; x_wconf 84' lang='lat' dir='ltr'>votiva</span> <span class='ocrx_word' id='word_1_140' title='bbox 1015 1624 1217 1677; x_wconf 85' lang='lat' dir='ltr'>juvenca.</span> 
     </span>
    </p>
   </div>
   <div class='ocr_carea' id='block_1_3' title="bbox 578 1957 974 1998">
    <p class='ocr_par' dir='ltr' id='par_1_17' title="bbox 578 1957 974 1998">
     <span class='ocr_line' id='line_1_23' title="bbox 578 1957 974 1998; baseline 0.003 -3"><span class='ocrx_word' id='word_1_141' title='bbox 578 1957 862 1998; x_wconf 74' lang='lat' dir='ltr'><strong>EPISTOLA</strong></span> <span class='ocrx_word' id='word_1_142' title='bbox 901 1958 974 1997; x_wconf 82' lang='lat' dir='ltr'>IV.</span> 
     </span>
    </p>
   </div>
   <div class='ocr_carea' id='block_1_4' title="bbox 413 2075 1156 2106">
    <p class='ocr_par' dir='ltr' id='par_1_18' title="bbox 413 2075 1156 2106">
     <span class='ocr_line' id='line_1_24' title="bbox 413 2075 1156 2106; baseline 0.004 -3"><span class='ocrx_word' id='word_1_143' title='bbox 413 2075 489 2104; x_wconf 73' lang='lat' dir='ltr'>An</span> <span class='ocrx_word' id='word_1_144' title='bbox 527 2076 768 2105; x_wconf 72' lang='lat' dir='ltr'>ALBIUM</span> <span class='ocrx_word' id='word_1_145' title='bbox 808 2077 1156 2106; x_wconf 62' lang='lat' dir='ltr'><strong>TIBULLUU.</strong></span> 
     </span>
    </p>
   </div>
   <div class='ocr_carea' id='block_1_5' title="bbox 167 2179 1287 2304">
    <p class='ocr_par' dir='ltr' id='par_1_19' title="bbox 167 2179 1287 2304">
     <span class='ocr_line' id='line_1_25' title="bbox 224 2179 1217 2239; baseline 0.006 -19"><span class='ocrx_word' id='word_1_146' title='bbox 224 2179 334 2230; x_wconf 85' lang='lat' dir='ltr'>Albi,</span> <span class='ocrx_word' id='word_1_147' title='bbox 354 2187 592 2223; x_wconf 77' lang='lat' dir='ltr'>nostrorum</span> <span class='ocrx_word' id='word_1_148' title='bbox 610 2196 856 2224; x_wconf 87' lang='lat' dir='ltr'>sermonum</span> <span class='ocrx_word' id='word_1_149' title='bbox 874 2184 1056 2225; x_wconf 84' lang='lat' dir='ltr'>candide</span> <span class='ocrx_word' id='word_1_150' title='bbox 1068 2184 1217 2239; x_wconf 76' lang='lat' dir='ltr'>Judex‚</span> 
     </span>
     <span class='ocr_line' id='line_1_26' title="bbox 167 2244 1287 2304; baseline 0.006 -20"><span class='ocrx_word' id='word_1_151' title='bbox 167 2244 290 2290; x_wconf 80' lang='lat' dir='ltr'>Quid</span> <span class='ocrx_word' id='word_1_152' title='bbox 309 2257 427 2285; x_wconf 86' lang='lat' dir='ltr'>nunc</span> <span class='ocrx_word' id='word_1_153' title='bbox 446 2252 487 2285; x_wconf 89' lang='lat' dir='ltr'>te</span> <span class='ocrx_word' id='word_1_154' title='bbox 505 2246 648 2288; x_wconf 80' lang='lat' dir='ltr'>dicam</span> <span class='ocrx_word' id='word_1_155' title='bbox 666 2247 803 2290; x_wconf 82' lang='lat' dir='ltr'>facere</span> <span class='ocrx_word' id='word_1_156' title='bbox 822 2250 869 2290; x_wconf 89' lang='lat' dir='ltr'>in</span> <span class='ocrx_word' id='word_1_157' title='bbox 887 2250 1056 2304; x_wconf 84' lang='lat' dir='ltr'>regione</span> <span class='ocrx_word' id='word_1_158' title='bbox 1077 2249 1287 2290; x_wconf 68' lang='lat' dir='ltr'>Pedana?</span> 
     </span>
    </p>
   </div>
   <div class='ocr_carea' id='block_1_6' title="bbox 169 2309 1311 2432">
    <p class='ocr_par' dir='ltr' id='par_1_20' title="bbox 169 2309 1311 2432">
     <span class='ocr_line' id='line_1_27' title="bbox 169 2309 1311 2368; baseline 0.003 -17"><span class='ocrx_word' id='word_1_159' title='bbox 169 2309 369 2360; x_wconf 80' lang='lat' dir='ltr'>Scribere,</span> <span class='ocrx_word' id='word_1_160' title='bbox 389 2309 505 2362; x_wconf 89' lang='lat' dir='ltr'>quod</span> <span class='ocrx_word' id='word_1_161' title='bbox 524 2311 648 2351; x_wconf 74' lang='lat' dir='ltr'>Cassi</span> <span class='ocrx_word' id='word_1_162' title='bbox 666 2313 909 2356; x_wconf 84' lang='lat' dir='ltr'>Parmensis</span> <span class='ocrx_word' id='word_1_163' title='bbox 926 2315 1135 2368; x_wconf 83' lang='lat' dir='ltr'>opuscula</span> <span class='ocrx_word' id='word_1_164' title='bbox 1153 2315 1311 2365; x_wconf 78' lang='lat' dir='ltr'>vincat,</span> 
     </span>
     <span class='ocr_line' id='line_1_28' title="bbox 170 2374 1119 2432; baseline 0.007 -18"><span class='ocrx_word' id='word_1_165' title='bbox 170 2375 242 2415; x_wconf 85' lang='lat' dir='ltr'>An</span> <span class='ocrx_word' id='word_1_166' title='bbox 260 2375 439 2415; x_wconf 80' lang='lat' dir='ltr'>tacinun</span> <span class='ocrx_word' id='word_1_167' title='bbox 456 2374 589 2416; x_wconf 82' lang='lat' dir='ltr'>silvas</span> <span class='ocrx_word' id='word_1_168' title='bbox 606 2377 715 2418; x_wconf 87' lang='lat' dir='ltr'>inter</span> <span class='ocrx_word' id='word_1_169' title='bbox 732 2386 894 2432; x_wconf 82' lang='lat' dir='ltr'>reptare</span> <span class='ocrx_word' id='word_1_170' title='bbox 913 2380 1119 2430; x_wconf 52' lang='lat' dir='ltr'>salubres</span> 
     </span>
    </p>
   </div>
   <div class='ocr_carea' id='block_1_7' title="bbox 554 2492 1001 2590">
    <p class='ocr_par' dir='ltr' id='par_1_21' title="bbox 554 2492 1001 2590">
     <span class='ocr_line' id='line_1_29' title="bbox 554 2492 1001 2590; baseline 0.007 -62"><span class='ocrx_word' id='word_1_171' title='bbox 554 2492 557 2493; x_wconf 45' lang='lat'><em>⁷</em></span> <span class='ocrx_word' id='word_1_172' title='bbox 576 2494 617 2528; x_wconf 73' lang='grc' dir='ltr'>Β.</span> <span class='ocrx_word' id='word_1_173' title='bbox 628 2494 676 2528; x_wconf 62' lang='grc' dir='ltr'><strong>ἢ</strong></span> <span class='ocrx_word' id='word_1_174' title='bbox 690 2495 881 2590; x_wconf 32' lang='lat' dir='ltr'>”ol-:¹⁶³-</span> <span class='ocrx_word' id='word_1_175' title='bbox 894 2507 1001 2531; x_wconf 68' lang='lat' dir='ltr'>eune.</span> 
     </span>
    </p>
   </div>
  </div>
 </body>
</html>
