1650 2730
695 155 962 189 OARMINUM

312 261 488 304 Laudat
507 273 607 302 rura
627 260 695 300 sui
711 274 721 312 ;
754 272 856 300 mox
876 258 1012 299 reficit
1030 265 1144 299 rates

314 328 526 378 Quassus,
548 325 744 366 indocilis
765 325 1013 378 pauperiem
1031 325 1133 378 pati.

314 394 397 434 Est
416 393 491 446 qui
510 405 590 432 nee
610 391 763 431 veteris
784 391 940 443 pocula
960 390 1151 445 Massici,

315 459 406 500 Nec
426 464 589 511 partem
610 456 743 496 solido
765 456 931 495 demere
952 455 1005 495 de
1025 455 1094 495 die
1474 456 1532 496 20

315 523 495 576 Spernit,
517 535 634 562 nunc
654 521 780 561 viridi
801 522 991 560 membra
1013 521 1094 561 sub
1113 521 1263 560 arbuto
1366 512 1373 516 ’

315 588 495 638 StratuS,
517 599 635 627 nunc
655 586 711 626 ad
732 599 871 638 aquae
892 586 986 626 lene
1006 592 1137 639 caput
1157 598 1315 626 sacrae.

315 652 478 693 Multos
497 658 636 692 castra
650 652 867 705 juvant,et
887 651 992 691 lituo
1012 652 1140 691 tubae

315 717 563 758 Permixtus
583 715 966 768 sonitus‚bellaque
985 716 1195 756 matribus

315 782 551 823 Detestata.
611 781 761 821 Manet
781 781 862 821 sub
880 781 987 822 Jove
1007 780 1160 834 frigido
1478 783 1534 825 25

316 847 513 898 Venator,
535 853 702 886 tenerae
723 846 916 900 conjugis
937 847 1172 899 immemor,

317 912 407 954 Seu
426 913 520 952 visa
539 917 604 951 est
622 911 779 951 catulis
798 923 926 951 cerva
946 910 1159 964 fidelibus,

317 977 407 1018 Seu
425 977 539 1030 rupit
557 982 708 1016 teretes
729 976 901 1016 Marsus
921 989 1023 1029 aper
1042 977 1205 1030 plagaS.

318 1042 391 1083 Me
411 1042 637 1082 doctarum
655 1041 838 1082 hederae
866 1042 1058 1094 praemia
1077 1041 1283 1084 frontium

319 1107 406 1148 Dis
426 1107 610 1147 miscent
629 1107 794 1159 superis
811 1121 820 1159 ;
852 1119 923 1146 me
942 1106 1134 1160 gelidum
1152 1121 1308 1150 nemus
1478 1106 1537 1149 30

318 1172 711 1225 Nympharumque·
730 1172 846 1212 leves
866 1185 968 1212 eum
988 1172 1154 1225 Satyris
1173 1173 1293 1215 chori

318 1237 558 1278 Seeernunt
576 1237 744 1290 populo,
767 1237 803 1276 si
822 1250 962 1289 neque
983 1238 1109 1278 tibias

319 1302 508 1355 Euterpe
528 1302 708 1353 cohibet,
730 1315 809 1342 nec
830 1303 1122 1356 Polyhymnia

319 1367 537 1407 Lesboum
555 1367 710 1420 refugit
729 1368 899 1407 tendere
918 1368 1125 1410 barbiton.

320 1432 492 1477 Quodsi
511 1444 581 1471 me
601 1432 744 1484 lyricis
765 1433 936 1472 vatibus
956 1432 1118 1484 inserffl,
1479 1433 1536 1476 35

321 1496 506 1538 Sublimi
525 1494 675 1536 feriam
694 1495 833 1542 sidera
851 1496 1020 1537 vertice.

662 1831 903 1871 GARMEN
940 1830 999 1870 11.

430 1951 500 1979 AD
550 1950 855 1979 CAESAREM
908 1951 1232 1980 AUGUSTUM.

324 2057 423 2098 Jam
443 2057 545 2096 satis
566 2057 684 2097 terris
703 2058 815 2098 nivis
836 2063 966 2110 atque
986 2056 1102 2098 dirae

325 2121 555 2161 Grandinis
574 2123 690 2162 misit
709 2123 844 2173 Pater,
866 2130 908 2163 et
927 2124 1104 2164 rubente

326 2186 515 2226 Dextera
536 2199 678 2226 sacras
691 2188 909 2241 jaculatus
929 2201 1048 2229 arces

437 2250 609 2291 Terruit
627 2253 798 2305 Urbem,

375 2374 379 2379 ’
422 2380 472 2411 17.
489 2386 568 2417 tuta,
584 2381 623 2412 de
638 2383 833 2424 conjectura.
971 2383 1025 2415 29.
1042 2383 1105 2422 Te,
1120 2383 1159 2416 de
1175 2385 1258 2426 conj.

289 2430 344 2464 35.
368 2430 503 2471 haeres,
520 2433 674 2466 Orellius.
760 2435 815 2467 36.
839 2434 1001 2469 Sublimis.
1089 2436 1129 2469 C.
1143 2438 1181 2470 ii.
1195 2437 1228 2470 2.
1251 2436 1387 2470 rubenti.
