1650 2730
184 169 250 218 44

718 185 983 220 CARMINUM

688 374 927 415 GARMEN
963 376 1021 416 IL

373 494 450 523 AD
492 494 539 524 C.
583 495 987 525 SALLUSTIUM
1031 497 1331 528 cnlspvu.

431 596 588 643 Nullus
609 610 784 656 argento
804 604 917 645 color
935 611 999 645 est
1019 605 1160 646 avaris

430 668 586 709 Abdito
606 670 735 721 terris,
757 670 928 711 inimice
949 671 1120 712 lamnae

429 734 575 787 Crispe
596 735 784 787 Sallusti,
806 736 889 776 nisi
908 742 1140 790 temperato

539 800 771 854 Splendeat
790 814 885 842 usu.

426 930 552 971 Vivet
571 937 744 972 extento
764 932 1014 973 Proculeius
1034 945 1153 985 aevo,

427 997 564 1038 Notus
585 997 630 1038 in
650 997 798 1038 fratres
818 998 952 1039 animi
971 999 1161 1052 paterni;

378 1082 381 1083 ⁷
426 1061 556 1103 Illum
576 1069 673 1116 aget
692 1076 834 1116 penna
854 1070 1068 1105 metuente
1088 1063 1198 1105 solvi

537 1129 677 1169 Fama
697 1135 924 1182 superstes.

423 1256 576 1298 Latius
596 1270 746 1311 regnes
767 1257 946 1299 avidum
966 1257 1182 1299 domando

424 1322 643 1375 Spiritum,
664 1336 798 1376 quam
818 1324 854 1364 si
873 1324 1061 1377 Libyam
1079 1323 1251 1364 remotis

424 1387 618 1428 Gadibus
632 1390 803 1442 jungas,
825 1395 867 1429 et
886 1396 1064 1442 uterque
1084 1389 1255 1429 Poenus

535 1453 703 1494 Serviat
721 1453 811 1494 uni.

423 1582 585 1622 Crescit
604 1581 831 1635 indulgens
852 1582 932 1622 sibi
951 1581 1068 1622 dirus
1087 1580 1287 1636 hydrops,

422 1646 512 1687 Nec
533 1647 648 1687 sitim
667 1647 795 1700 pellit,
816 1647 899 1687 nisi
918 1659 1052 1687 causa
1071 1647 1203 1688 morbi

422 1713 599 1766 Fugerit
618 1713 751 1764 venis,
773 1719 814 1752 et
833 1725 1021 1764 aquosus
1043 1712 1141 1752 albo

532 1777 712 1830 Corpore
732 1777 923 1831 languor.

419 1907 654 1949 Redditum
675 1907 779 1961 Cyri
800 1907 905 1948 solio
925 1907 1137 1948 Phraaten

420 1973 645 2014 Dissidens
665 1973 777 2028 plebi
796 1985 973 2014 numero
993 1973 1211 2014 beatorum

421 2039 588 2079 Eximit
607 2039 775 2091 Virtus,
786 2038 1078 2092 populumque
1098 2038 1217 2079 falsis

530 2103 721 2145 Dedocet
741 2104 805 2145 uti

417 2233 614 2285 Vocibus,
635 2245 816 2287 regnum
835 2238 877 2273 et
896 2231 1095 2272 diadema
1115 2238 1257 2274 tutum

418 2298 624 2340 Deferens
644 2299 720 2340 uni
739 2298 1036 2352 propriamque
1058 2297 1239 2350 laurum,

275 2419 315 2453 G.
330 2421 370 2452 ii.
388 2421 419 2458 1,
432 2418 465 2453 2.
488 2425 550 2457 est,
564 2420 669 2452 avaris
684 2419 826 2452 Abditas
842 2419 943 2451 terris.
1042 2418 1074 2449 3.
1099 2417 1227 2456 salusti,
1245 2417 1399 2452 oreuiu.

501 2473 532 2505 7.
555 2474 632 2514 agit.
808 2473 859 2505 18.
883 2471 1006 2512 plebis;
1027 2471 1169 2504 beatum.

1468 1323 1522 1366 10

1461 1714 1517 1757 15
