1612 2716
516 193 747 227 mnan.
809 192 988 228 avm.
1321 183 1420 229 239

75 294 323 355 pervellunt
340 297 624 350 stomachum,
645 297 760 349 siser,
780 297 901 349 allec,
920 295 1092 338 faecula
1110 296 1214 338 Coa.

76 364 156 405 His
175 363 248 404 ubi
269 362 450 404 sublatis
469 375 575 417 puer
593 363 679 404 alte
697 363 865 409 cinctus
883 375 1086 403 acernam
1366 362 1421 403 10

75 429 277 482 Gausape
296 441 511 481 purpureo
530 440 725 468 mensam
743 428 943 480 pertersit,
963 435 1007 467 et
1024 427 1131 467 alter

75 493 272 546 Sublegit
290 492 579 546 quodcunque
592 494 751 546 jaceret
770 493 931 543 inutile,
951 492 1155 546 quodque

77 558 225 600 Posset
240 566 470 598 coenantes
488 557 723 598 offendere:
753 564 802 598 ut
820 559 963 599 Attica
982 559 1101 611 virgo

74 624 191 664 Cum
208 623 340 663 sacris
359 623 534 673 Cereris,
555 622 742 676 procedit
761 622 912 664 fuscus
932 624 1175 678 Hydaspes,

76 688 278 729 Caecuba
295 689 400 729 vina
418 687 569 739 serens,
589 688 727 728 Alcon
747 689 909 729 Chium
928 690 1059 730 maris
1077 703 1241 743 expers.
1368 690 1422 730 15

76 753 159 794 Hic
178 754 332 795 herus:
362 754 593 804 Albanum,
615 753 857 805 Maecenas,
879 754 971 794 sive
991 755 1229 796 Falernum

76 819 146 860 're
167 820 308 872 magis
326 819 528 872 appositis
547 818 752 871 delectat3
783 819 995 860 habemus
1014 826 1316 874 utrumque?—

78 882 262 924 Divitias
280 885 482 925 miseras!
540 883 626 925 Sed
646 889 746 936 quis
764 886 1045 926 coenantibus
1065 898 1166 938 una,

78 948 293 1000 Fundani,
313 949 490 1002 pulchre
509 948 636 989 fuerit
655 949 741 1000 tibi,
762 962 887 989 nosse
907 950 1063 990 laboro.
1157 974 1164 980 ·

77 1013 287 1054 Summus
306 1025 395 1066 ego,
416 1019 458 1053 et
477 1025 603 1066 prope
622 1026 692 1053 me
711 1014 865 1054 Viscus
885 1014 1124 1066 Thurinus,
1144 1022 1188 1056 et
1201 1013 1323 1066 infra,
1366 1015 1424 1055 20

77 1078 125 1119 Si
143 1078 332 1128 memini,
353 1078 519 1127 Varius,
540 1090 643 1117 cum
661 1078 843 1118 Servilio
861 1079 1089 1119 Balatrone

78 1143 284 1194 Vibidius,
305 1154 416 1195 quas
436 1142 665 1182 Maecenas
685 1142 927 1182 adduxerat
946 1144 1131 1183 umbras.

78 1207 376 1248 Nomentanus
395 1212 486 1246 erat
504 1219 631 1258 super
649 1206 802 1258 ipsum,
824 1207 999 1247 Porcius
1019 1207 1141 1259 infra,

76 1271 303 1313 Ridiculus
323 1278 432 1311 totas
451 1270 582 1310 semel
601 1271 820 1310 obsorbere
840 1271 1069 1323 placentas.

78 1337 380 1378 Nomentanus
399 1335 456 1376 ad
474 1336 567 1386 hoc,
588 1335 675 1388 qui,
697 1335 734 1375 si
753 1335 859 1387 quid
878 1335 981 1376 forte
1001 1336 1159 1389 lateret,
1365 1339 1422 1380 25

77 1402 224 1443 Indice
244 1407 496 1443 monstraret
514 1401 670 1454 digito:
699 1413 804 1440 nam
823 1407 962 1441 cetera
982 1402 1117 1451 turba,

77 1468 179 1518 Nos,
199 1467 389 1519 inquam,
409 1478 642 1506 coenamus
661 1478 776 1516 aveS,
797 1465 1038 1519 conchylia,
1058 1467 1208 1520 pisces,

76 1531 226 1584 Longe
245 1531 496 1571 dissimilem
515 1537 615 1571 noto
634 1530 817 1571 celantia
835 1543 1041 1571 succum:

77 1596 137 1637 Ut
155 1596 225 1635 vel
243 1596 446 1636 continuo
463 1595 613 1648 patuit,
634 1607 739 1635 cum
756 1596 938 1648 passeris
957 1602 1087 1648 atque

77 1661 301 1713 Ingustata
319 1660 426 1700 mihi
444 1666 686 1713 porrexerat
703 1659 778 1700 ilia
796 1660 974 1700 rhombi.
1364 1663 1421 1703 30

77 1725 179 1765 Post
196 1725 278 1765 hoc
297 1738 366 1765 me
384 1724 540 1776 docuit,
559 1724 775 1765 melimela
794 1725 942 1764 rubere
961 1725 1166 1765 minorem

78 1790 149 1830 Ad
169 1790 319 1830 lunam
338 1789 525 1829 delecta:
554 1789 661 1841 quid
679 1790 761 1829 hoc
780 1789 954 1840 intersit,
974 1790 1031 1830 ab
1050 1790 1142 1842 ipso

78 1854 275 1894 Audieris
295 1853 461 1893 melius.
518 1854 640 1894 Tum
659 1854 855 1894 Vibidius
875 1853 1117 1896 Balatroni:

78 1918 182 1969 Nos,
203 1919 283 1958 nisi
304 1918 508 1958 damnose
527 1918 723 1968 bibimus,
743 1919 972 1959 moriemur
990 1920 1140 1973 inulti;

78 1984 139 2024 Et
156 1984 309 2023 calices
329 1983 462 2036 poscit
480 1983 669 2037 majores.
727 1984 896 2023 Vertere
914 1984 1050 2036 pallor
1363 1988 1419 2028 35

79 2049 201 2089 Tum
219 2049 391 2101 parochi
410 2047 574 2099 faciem,
594 2048 657 2088 nil
676 2048 737 2088 sic
757 2049 984 2088 metuentis
1003 2056 1052 2089 ut
1070 2062 1189 2090 acres

79 2113 261 2162 PotoreS,
282 2113 351 2152 vel
370 2112 486 2164 quod
504 2112 768 2152 maledicunt
786 2113 969 2164 liberius,
990 2114 1060 2153 vel

80 2175 267 2217 Fervida
286 2176 401 2228 quod
421 2177 574 2216 subtile
593 2177 830 2218 exsurdant
847 2178 952 2218 vina
970 2179 1178 2232 palatum.

80 2241 311 2282 Invertunt
330 2240 529 2280 Allifanis
548 2241 715 2282 vinaria
732 2249 821 2282 tota

81 2305 278 2346 Vibidius
296 2305 561 2357 Balatroque,
581 2306 737 2346 secutis
754 2307 978 2349 erunibus:
1007 2308 1084 2349 imi
1360 2306 1419 2348 40

532 2452 587 2485 22.
609 2462 696 2493 quos.
782 2454 839 2486 24.
860 2455 965 2487 simul.
