1612 2716
549 205 617 239 me
648 205 778 238 nm
810 168 1025 237 Pomm.
1119 168 1130 182 ’
1294 257 1297 259 ‚
1361 190 1457 238 309

119 310 286 356 Servari
304 309 410 352 nolit
422 310 443 351 ’.ῑ
471 309 624 361 dicam,
646 308 864 361 Siculique
883 313 1031 361 poetae

118 377 308 419 Narrabo
327 375 554 416 interitum.
614 374 733 414 Deus
754 372 1003 413 immortalis
1022 371 1169 412 haberi

121 441 237 483 Dum
257 441 374 493 cupit
393 438 687 492 Empedocles,
708 429 934 478 ardentem'
946 436 1123 490 frigidus
1143 438 1329 478 Aetnam
1374 436 1458 478 465

119 506 299 547 Insiluit.
357 505 423 546 Sit
435 505 508 558 jus
530 503 738 556 liceatque
757 503 889 556 perire
909 503 1042 556 poetis
1059 515 1069 543 :

120 571 309 611 Invitum
329 569 404 622 qui
424 575 574 620 servat,
596 568 710 609 idem
730 567 831 608 facit
850 567 1070 607 occidenti.

119 635 208 676 Nec
229 634 360 674 semel
379 634 460 674 hoc
480 633 589 685 fecit,
611 645 700 684 nec,
722 633 757 673 si
777 639 980 673 retractus
1000 632 1087 682 erit,
1102 634 1194 687 jam

120 699 216 740 Fiet
235 699 361 739 homo
380 705 422 739 et
440 705 567 752 ponet
586 697 775 738 famosae
794 698 940 738 mortis
959 710 1159 738 amorem.

120 764 209 805 Nec
229 763 332 804 satis
351 769 536 816 apparet,
556 775 631 803 cur
650 775 800 803 versus
820 762 1006 803 factitet:
1037 769 1183 804 utrum
1376 762 1461 803 470

119 829 321 870 Minxerit
341 829 386 869 in
405 828 561 881 patrios
581 828 754 880 cineres,
775 841 833 869 an
853 828 968 868 triste
989 828 1177 869 bidental

120 893 300 934 Moverit
319 893 518 934 incestus.
576 893 699 935 Certe
719 894 830 944 furit,
852 906 903 934 ac
924 893 1042 934 velut
1062 906 1188 934 ursus
1210 921 1225 936 .

121 958 316 1012 objectos
334 971 489 998 caveae
510 958 647 999 valuit
666 959 702 999 si
721 958 914 1012 frangere
933 959 1130 1010 olafflros,

120 1022 346 1064 Indoctum
366 1023 621 1076 doctumque
642 1024 762 1077 fugat
782 1025 973 1064 recitator
992 1025 1192 1064 acerbus:

121 1088 268 1132 Quem
287 1099 387 1127 vero
406 1088 591 1140 arripuit,
613 1095 726 1129 tenet
745 1089 981 1141 occiditque
1002 1089 1191 1142 legendo,
1378 1088 1462 1130 475

122 1151 220 1193 Non
239 1152 422 1192 missura
441 1158 595 1204 cutem,
616 1153 698 1193 nisi
717 1153 845 1206 plena
864 1153 1033 1204 cruoris,
1054 1153 1218 1194 hirudo.
