1612 2716
131 176 242 229 ss29'2
651 183 990 225 mmmm

143 298 237 344 Qui
257 303 298 338 te
317 290 454 350 pascit
472 308 583 350 ager,
605 303 706 337 tuus
725 303 800 348 est,
822 302 865 336 et
883 295 1055 336 villicus
1075 295 1193 348 Orbi,
1259 322 1262 323 ν
1411 288 1496 338 160

146 364 260 404 Cum
280 369 442 416 segetes
462 369 583 402 occat
602 363 677 403 tibi
697 375 800 402 mox
820 361 1036 402 frumenta
1054 361 1243 414 daturas,

145 429 212 470 Te
233 429 456 468 dominum
473 429 614 468 sentit.
675 428 767 468 Das
787 441 1001 479 nummos,
1023 428 1183 480 accipis
1208 440 1350 480 uvam,

143 486 303 544 Pullos,
325 506 419 544 ova,
440 494 600 534 cadum
620 494 764 533 temeti
782 508 791 533 ε
823 506 977 546 nempe
997 492 1125 534 modo
1145 493 1227 533 isto

145 559 377 600 Paullatim
398 560 597 599 mercaris
617 572 781 612 agrum,
803 558 979 598 fortasse
1002 559 1210 610 trecentis,

145 626 234 665 Aut
254 625 385 664 etiarn
405 637 546 676 supra,
567 637 845 664 nummorum
866 624 1055 664 millibus
1075 631 1280 677 emptum„
1414 625 1495 665 165

145 690 267 734 Quid
288 689 422 741 refert,
444 690 569 729 vivas
590 696 814 729 numerato
834 702 970 742 nuper
989 702 1047 729 an
1066 689 1170 730 olim
1183 690 1203 730 3

146 754 325 807 Emptor
344 755 506 795 Aricini
525 754 747 807 quondam
767 755 955 795 Veientis
975 762 1017 794 et
1036 755 1130 795 arvi

144 819 355 871 Emptum
374 826 526 859 coenat
545 820 651 871 olus,
673 821 874 872 quamvis
897 820 1018 859 aliter
1036 825 1186 872 putat3
1216 820 1372 874 emptis

129 884 237 925 ‘Sub
256 891 425 926 noctem
445 885 631 939 gelidam
652 885 779 938 lignis
799 884 1025 925 calefactat
1044 885 1260 938 ahenum;

144 950 230 991 Sed
251 958 375 990 vocat
395 963 532 1003 usque
553 963 694 1002 suum,
715 963 802 1003 qua
822 950 1006 1003 populus
1027 950 1167 991 adsita
1185 951 1310 992 certis
1414 951 1497 994 1⁷0
1569 998 1573 1000 ,

143 1015 373 1056 Limitibus
395 1016 538 1055 vicina
557 1015 713 1069 refugit
727 1016 894 1070 jurgia:
925 1022 1135 1069 tanquam
1471 1022 1476 1026 ⁴

144 1081 209 1122 Sit
228 1082 443 1134 proprium
464 1081 714 1133 quidquam,
736 1087 895 1134 puncto
914 1081 1030 1134 quod
1050 1081 1218 1122 mobilis
1237 1082 1367 1123 horae

143 1147 272 1187 Nunc
293 1159 426 1199 prece,
448 1159 566 1187 nunc
587 1147 730 1199 pretio,
752 1159 870 1187 nunc
891 1147 946 1198 vi,
967 1160 1085 1188 nunc
1105 1154 1238 1188 morte
1258 1160 1459 1202 suprema

144 1212 361 1252 Permutet
380 1212 574 1252 dominos
595 1219 637 1252 et
656 1212 782 1253 cedat
801 1213 845 1253 in
866 1213 999 1253 altera
1012 1214 1122 1267 jura.

143 1278 226 1329 Sic,
248 1278 349 1330 quia
370 1285 599 1331 perpetuus
620 1278 728 1319 nulli
749 1278 875 1319 datur
897 1292 1012 1330 usu8,
1034 1287 1076 1319 et
1095 1280 1218 1320 heres
1415 1280 1495 1322 175

143 1343 356 1384 Heredem
377 1343 551 1384 alterius
571 1344 692 1384 velut
711 1344 831 1384 unda
851 1345 1094 1398 supervenit
1114 1345 1290 1397 undam,

142 1408 265 1452 Quid
287 1409 370 1448 vici
390 1415 568 1461 prosunt
588 1417 663 1449 aut
683 1410 832 1449 horrea
843 1412 863 1450 ’.ἱ
893 1410 1053 1462 quidve
1075 1410 1270 1451 Calabris

142 1473 332 1513 Saltibus
353 1474 505 1527 adjecti
526 1474 705 1525 Lucani,
728 1475 764 1514 si
784 1475 904 1515 metit
924 1475 1063 1515 Orcus

142 1537 333 1578 Grandia
353 1551 456 1579 cum
476 1540 630 1592 parviS,
652 1552 737 1580 non
759 1540 986 1580 exorabilis
1006 1540 1141 1580 auro‘.z

142 1602 359 1654 Gemmas,
381 1617 576 1654 marmor,
598 1605 713 1656 ebur,
736 1605 967 1658 Tyrrhena
988 1605 1139 1658 sigilla,
1161 1605 1351 1659 tabellae,
1412 1607 1495 1650 180

141 1668 391 1720 Argentum,
413 1676 554 1709 vestes
575 1670 757 1710 Gaetulo
778 1671 938 1716 murice
958 1671 1124 1721 tinctas,

141 1733 254 1774 Sunt
275 1734 350 1785 qui
371 1746 457 1774 non
478 1735 689 1786 habeant;
721 1741 785 1774 est
804 1735 879 1787 qui
899 1747 986 1774 non
1006 1743 1128 1775 curat
1148 1735 1315 1778 habere.

142 1798 230 1837 Cur
251 1798 356 1838 alter
375 1798 556 1838 fratrum
576 1811 741 1839 cessare
762 1806 803 1839 et
824 1799 970 1840 ludere
990 1807 1033 1840 et
1053 1801 1158 1854 ungi

142 1863 355 1903 Praeferat
375 1863 555 1903 Herodis
575 1864 773 1917 palmetis
794 1866 1039 1919 pinguibus,
1062 1867 1170 1908 alter

142 1929 276 1969 Dives
295 1935 336 1968 et
358 1929 626 1982 importunus
647 1931 703 1971 ad
725 1932 923 1972 umbram
943 1931 1052 1972 lucis
1072 1933 1128 1973 ab
1146 1939 1242 1974 ortu
1413 1935 1493 1975 185

140 1994 386 2035 silvestrem
408 1994 596 2035 flammis
616 2003 658 2036 et
678 1996 785 2037 ferro
805 1997 970 2051 mitiget
990 2011 1155 2051 agrum,

140 2059 231 2099 Scit
251 2059 426 2110 Genius,
448 2061 591 2101 natale
612 2074 754 2102 comes
774 2063 850 2115 qui
871 2070 1076 2116 temperat
1096 2069 1271 2115 astrum,

140 2124 330 2164 Naturae
350 2123 458 2164 deus
479 2125 710 2178 humanae,
732 2127 921 2168 mortalis
941 2128 985 2168 in
1006 2141 1162 2169 unum-

139 2188 358 2242 Quodque
377 2198 518 2243 caput,
539 2192 665 2232 vultu
684 2193 914 2245 mutabilis,
936 2193 1060 2234 albus
1079 2201 1121 2234 et
1141 2200 1240 2235 ater.

139 2254 256 2306 Utar,
276 2260 319 2294 et
338 2267 393 2295 ex
414 2255 593 2307 modico,
616 2265 831 2309 quantum
850 2271 915 2298 res
937 2265 1091 2312 poscet,
1113 2272 1265 2300 acervo
1408 2259 1491 2300 190

138 2318 327 2371 Tollam,
348 2332 431 2360 nec
450 2327 655 2374 metuam,
676 2323 782 2376 quid
800 2324 854 2364 de
874 2337 942 2365 me
957 2323 1122 2379 judicet
1139 2324 1274 2377 beree,

696 2472 769 2505 161.
792 2473 934 2506 daturus.
