1650 2730
610 162 823 196 mazar.
889 162 1028 198 arx.
1425 152 1488 201 11

199 265 393 318 Brachia,
415 278 541 320 saepe
560 265 688 318 disco,

254 331 391 385 Saepe
410 337 526 372 trans
546 331 678 373 finem
692 331 838 386 jaculo
857 331 1010 374 nobilis
1029 331 1258 387 expedito‘3

199 396 323 442 Quid
342 396 455 448 latet,
475 404 525 438 ut
543 397 735 438 marinae

255 463 419 504 Filium
437 463 586 504 dicunt
605 462 804 504 Thetidis
824 464 905 505 sub
924 463 1152 505 lacrimosa
1170 463 1327 518 Trojae

200 529 384 581 Funera,
406 542 460 570 ne
479 529 613 569 virilis
1439 527 1492 566 15

255 594 411 636 Cultus
430 595 476 636 in
495 594 673 636 caedem
692 600 734 635 et
752 594 912 648 Lycias
931 594 1159 649 proriperet
1176 600 1371 636 catervas
1382 594 1402 635 ‘3

638 922 877 962 GARMEN
923 922 996 962 IX.

494 1042 570 1070 AD
619 1042 1141 1070 THALIARCHUM.

367 1147 508 1199 Vides,
530 1155 578 1188 ut
597 1149 685 1188 alta
703 1155 785 1189 stet
802 1149 903 1189 nive
921 1148 1160 1190 candidum

366 1212 548 1263 Soracte,
571 1226 649 1252 nec
663 1214 755 1266 jam
775 1215 1014 1254 sustineant
1032 1226 1142 1254 onus

421 1277 566 1318 Silvae
586 1277 837 1328 laborantes,
859 1278 1043 1330 geluque

479 1342 684 1383 Flumina
703 1343 964 1383 constiterint
982 1348 1120 1383 acuto.

364 1470 561 1511 Dissolve
581 1470 726 1524 frigus,
747 1471 866 1524 ligna
885 1484 1013 1525 super
1031 1471 1126 1512 foco
1460 1476 1488 1517 5

364 1535 503 1589 Large
522 1549 739 1589 reponenS,
761 1543 890 1588 atque
910 1537 1138 1589 benignius

421 1601 630 1654 Deprome
650 1601 926 1653 quadrimum
943 1602 1118 1653 Sabina,

475 1665 513 1706 O
535 1666 809 1718 Thaliarche,
831 1679 999 1707 merum
1018 1666 1145 1707 diota.

362 1794 562 1836 Permitte
582 1795 693 1836 divis
713 1803 875 1837 cetera:
905 1796 981 1849 qui
1001 1796 1131 1836 simul

362 1860 557 1902 Stravere
576 1867 726 1901 ventos
746 1869 928 1913 aequore
946 1860 1110 1901 fervido
1442 1868 1497 1909 10

417 1925 746 1978 Deproeliantes‚
764 1939 843 1966 nec
863 1926 1052 1978 cupressi

474 1990 563 2030 Nec
582 1997 745 2031 veteres
766 1991 983 2044 agitantur
1002 1990 1105 2030 orni.

361 2118 484 2173 Quid
504 2119 558 2159 sit
576 2118 771 2160 futurum
790 2132 895 2170 cras,
911 2119 1014 2173 fuge
1033 2131 1234 2172 quaerere
1248 2125 1315 2162 :et

362 2182 510 2228 Quem
530 2184 637 2224 Fors
658 2184 823 2224 dierum
843 2197 1015 2237 cunque
1035 2183 1165 2236 dabit,
1186 2184 1305 2224 lucro

419 2248 606 2300 Appone‚
627 2262 706 2289 nec
725 2249 873 2290 dulces
895 2263 1058 2290 amores
1441 2250 1495 2291 15

474 2314 634 2366 Sperne
654 2328 768 2367 puer,
790 2328 929 2367 neque
951 2322 998 2355 tu
1017 2315 1204 2364 choreas,

447 2441 487 2476 Ο.
500 2444 545 2476 ix.
562 2445 593 2476 7.
616 2444 761 2484 Depone.
1033 2443 1085 2475 14.
1107 2451 1183 2475 nors.
