1612 2716
139 117 238 166 288
640 129 980 164 mmmm

195 233 464 287 Perdiderat3
495 240 590 288 post
610 235 690 275 hoc
710 235 944 275 vehemens
965 234 1106 288 lupus,
1126 240 1169 276 et
1187 234 1269 277 sibi
1286 240 1330 277 et
1347 234 1461 279 hosti

195 300 336 341 Iratus
356 301 518 354 pariter,
534 301 690 354 jejunis
711 300 912 340 dentibus
933 313 1040 352 acer,

195 366 463 406 Praesidium
484 366 622 419 regale
644 366 735 405 loco
755 365 916 419 dejecit,
939 373 987 406 ut
1006 366 1139 416 aiunt,
1433 366 1490 408 30

195 432 375 473 Summe
397 433 561 472 munito
582 439 623 471 et
644 432 878 471 multarum
900 431 1030 472 divite
1051 444 1203 472 rerum.

196 498 351 538 Clarus
371 498 424 537 ob
445 498 486 537 id
509 497 682 548 sactum,
706 497 828 537 donis
850 505 1023 537 ornatur
1044 498 1258 550 honestis;

196 563 363 616 Accipit
383 571 423 603 et
446 563 508 602 bis
531 563 642 602 dena
663 576 788 615 super
809 564 998 602 sestertia
1020 567 1260 604 nummum.

199 629 324 668 Forte
345 629 426 668 sub
446 629 526 668 hoc
547 635 716 680 tempus
736 627 963 667 castellum
983 636 1167 669 evertere
1186 637 1352 682 praetor

197 694 351 734 Nescio
371 693 694 746 quod'cupiens,
718 693 873 733 hortari
893 694 1031 746 coepit
1050 694 1237 735 eundem
1435 695 1491 737 35

198 759 356 810 Verbis,
377 772 488 812 quae
509 758 657 799 timido
678 771 848 811 quoque
869 765 1041 811 possent
1061 758 1215 799 addere
1237 767 1450 802 mentem:

198 825 230 877 I,
252 826 374 876 bone,
397 838 482 877 quo
503 825 636 864 virtus
658 832 733 863 tua
754 830 794 863 te
815 830 951 874 vocat,
974 824 988 862 i
1007 823 1115 876 pede
1136 823 1288 876 fausto,

198 891 391 932 Grandia
412 891 576 930 laturus
598 890 843 929 meritorum
863 889 1054 941 praemia
1071 889 1079 929 !
1139 890 1263 934 Quid
1283 890 1405 933 stas?

199 958 300 997 Post
321 958 426 996 haec
447 943 518 996 isle
538 963 672 1006 catus,
682 955 976 1007 quantumvis
997 956 1206 996 rusticus:
1239 956 1333 1009 Ibit,

198 1023 281 1063 Ibit
301 1035 360 1073 eo,
383 1034 468 1074 quo
488 1022 565 1072 vis,
587 1021 662 1073 qui
682 1033 836 1060 zonam
857 1019 1049 1073 perdidit,
1071 1021 1222 1073 inquit.
1436 1022 1495 1064 40

198 1088 362 1129 Romae
382 1087 531 1127 nutriri
552 1087 658 1126 mihi
679 1086 866 1139 contigit,
889 1095 1020 1138 atque
1041 1085 1192 1138 doceri,

199 1154 338 1194 Iratus
360 1153 498 1193 Graiis
519 1159 735 1204 quantum
755 1153 971 1192 nocuisset
991 1152 1195 1192 Achilles.

199 1218 400 1272 Adjecere
420 1219 557 1258 bonae
577 1217 722 1270 paullo
744 1217 840 1270 plus
861 1218 962 1257 artis
983 1217 1190 1269 Athenae,

199 1285 370 1326 Scilicet
391 1291 438 1324 ut
458 1297 626 1336 possem
647 1296 778 1323 curvo
798 1283 1044 1336 dignoscere
1064 1290 1241 1335 rectum,

199 1351 340 1403 Atque
361 1350 469 1390 inter
489 1349 621 1389 silvas
642 1348 848 1389 Academi
869 1362 1069 1401 quaerere
1090 1361 1253 1390 verum.
1437 1347 1495 1390 45

201 1416 322 1456 Dura
343 1415 418 1455 sed
438 1428 632 1454 emovere
653 1415 744 1454 loco
765 1428 834 1454 me
856 1422 1046 1467 tempora
1066 1421 1197 1467 grato,

201 1481 436 1533 Civilisque
458 1480 608 1520 rudem
629 1480 729 1520 belli
750 1480 846 1520 tulit
867 1487 1010 1520 aestus
1032 1480 1076 1519 in
1097 1492 1228 1531 arma,

202 1546 397 1586 Caesaris
419 1546 605 1599 Augusti
626 1558 712 1585 non
733 1558 987 1598 responsura
1007 1545 1187 1584 lacertis.

202 1612 327 1654 Unde
349 1612 477 1652 simul
498 1612 683 1664 primum
703 1624 771 1650 me
792 1610 987 1650 dimisere
1009 1609 1205 1661 Philippi,

204 1678 372 1719 Decisis
392 1677 601 1717 humilem
622 1676 785 1727 pennis,
808 1675 1063 1726 inopemque
1083 1672 1252 1726 paterni
1443 1672 1500 1714 50

204 1743 263 1784 Et
282 1743 404 1783 Laris
424 1748 466 1781 et
485 1740 620 1791 fundi,
643 1736 872 1792 paupertas
893 1738 1062 1791 impulit
1082 1738 1241 1790 audax,

205 1808 264 1850 Ut
282 1820 432 1848 versus
452 1806 659 1858 facerem3
692 1805 778 1856 sed,
800 1804 917 1857 quod
937 1817 1023 1845 non
1043 1803 1163 1855 desit,
1185 1804 1416 1844 habentem

205 1875 335 1919 Quae
356 1878 552 1926 poterunt
572 1883 766 1923 unqu-am
788 1870 890 1910 satis
911 1882 1148 1923 expurgare
1169 1869 1347 1920 cicutae,

207 1939 264 1982 Ni
284 1938 438 1978 melius
459 1936 637 1977 dormire
658 1942 806 1989 putem
826 1948 959 1988 quam
979 1936 1158 1975 scribere
1178 1934 1360 1975 versus‘3

209 2004 391 2057 Singula
411 2003 463 2043 de
483 2002 605 2042 nobis
626 2002 729 2041 anni
749 2000 1008 2054 praedantur
1028 2006 1202 2040 euntes:
1445 1998 1502 2040 55

211 2070 416 2122 Eripuere
431 2069 561 2122 jocos,
584 2067 802 2117 Venerem,
823 2065 1034 2115 convivia,
1056 2063 1221 2116 ludum,

211 2134 421 2177 Tendunt
440 2140 689 2184 extorquere
709 2137 931 2184 poemata:
962 2129 1066 2182 quid
1086 2129 1243 2170 faciam
1262 2128 1362 2170 vis?

213 2201 411 2253 Denique
430 2211 518 2239 non
536 2210 685 2238 omnes
705 2196 856 2236 eadem
875 2196 1081 2236 mirantur
1100 2201 1357 2249 amantque:

215 2265 418 2308 Carmine
438 2270 486 2305 tu
506 2262 681 2317 gaudes,
704 2261 774 2301 hic
794 2260 1029 2301 delectatur
1047 2260 1213 2312 iambis,

647 2414 701 2447 44.
725 2412 852 2451 vellem,
868 2412 1022 2444 arellius.
