1612 2716
149 182 210 232 17
213 185 243 233 6
681 196 967 230 summum

145 301 220 344 Nil
240 301 389 342 referre
409 300 569 355 putas?
627 301 789 352 Quare,
811 314 866 341 ne
886 301 1101 354 poeniteat
1118 307 1173 355 te,

146 367 307 408 Desine
328 375 545 407 matronas
566 367 774 416 sectarier,
796 367 912 407 unde
934 367 1091 408 laboris

146 433 252 474 Plus
273 433 441 473 haurire
461 432 565 472 mali
586 439 660 483 est,
683 445 817 485 quam
837 446 892 473 ex
914 446 957 473 re
977 432 1199 486 decerpere
1218 433 1396 475 fructus.

146 499 237 540 Nec
258 499 396 551 magis
416 498 519 538 huic
540 498 649 538 inter
668 499 816 538 niveos
837 499 1079 552 viridesque
1100 499 1325 553 lapillos—
1446 500 1503 541 80

145 564 211 606 Sit
227 564 323 604 licet
342 564 434 614 hoc,
449 564 662 614 Cerinthe,
677 572 1056 605 tuum—tenerum
1069 572 1134 605 est
1148 564 1288 606 femur
1308 572 1384 606 aut
1403 576 1504 606 crus

146 629 347 681 Rectius;
379 636 508 682 atque
529 629 660 669 etiam
680 630 836 669 melius
856 643 1057 683 persaepe
1078 636 1247 683 togatae
1267 637 1342 671 est.

143 694 268 735 Adde
289 695 386 746 huc,
408 694 525 747 quod
546 708 731 735 mercem
752 695 843 735 sine
863 695 974 736 fucis
995 702 1143 749 gestat,
1165 703 1308 749 aperte

144 759 278 804 Quod
298 760 451 800 venale
472 761 602 800 habet
622 760 816 811 ostendit,
834 773 924 812 nec,
947 761 983 801 si
1003 760 1108 814 quid
1127 761 1295 802 honesti
1315 768 1392 814 est,

143 825 286 866 Jactat
306 826 520 878 habetque
540 826 696 879 palam,
718 827 884 879 quaerit
903 840 990 880 quo
1010 827 1152 880 turpia
1170 827 1292 868 celet.
1448 827 1504 869 85

143 890 337 943 Regibus
357 891 427 931 hic
448 905 541 932 mos
562 899 626 932 est
643 906 652 932 ι
684 893 758 933 ubi
778 906 911 945 equos
933 899 1188 945 mercantur,
1208 899 1376 947 opertos

144 956 399 1009 Inspiciam,
419 970 484 1008 ne,
508 958 543 997 si
564 957 706 1010 facies,
729 965 777 998 ut
798 971 935 1011 saepe,
957 958 1112 999 decora

144 1022 266 1062 Molli
286 1022 400 1062 fulta
420 1023 527 1076 pede
547 1031 621 1075 est,
639 1032 872 1077 emptorem
892 1024 1071 1065 inducat
1091 1025 1296 1077 hiantem,

145 1087 279 1132 Quod
301 1088 506 1140 pulchrae
526 1089 689 1141 clunes,
709 1091 838 1130 breve
859 1090 976 1143 quod
996 1097 1138 1144 caput,
1159 1090 1299 1132 ardua
1317 1090 1477 1132 cervix.

144 1152 239 1192 Hoc
261 1153 321 1193 illi
343 1161 481 1193 recto:
511 1155 565 1194 ne
586 1156 769 1208 corporis
789 1155 952 1208 optima
973 1155 1141 1208 Lyncei
1447 1154 1525 1196 90*

145 1219 444 1272 Contemplere
465 1221 613 1272 oculis,
637 1221 846 1274 Hypsaea
865 1222 1032 1261 caecior
1051 1221 1138 1273 illa,

145 1286 277 1331 Quae
299 1287 548 1337 malasunt,
571 1294 747 1340 spectes.
809 1287 847 1328 O
869 1287 993 1327 crus!
1024 1300 1050 1327 o
1070 1286 1248 1328 brachia
1263 1286 1273 1327 !
1287 1285 1450 1327 Verum

146 1352 350 1405 Depygis,
370 1361 541 1403 nasuta,
564 1353 682 1393 brevi
703 1353 843 1404 latere,
866 1366 917 1393 ac
938 1353 1045 1406 pede
1066 1353 1195 1406 longo
1214 1358 1291 1394 est.

145 1418 379 1469 Matronae,
402 1426 566 1471 praeter
586 1418 755 1469 faciem,
776 1419 837 1459 nil
858 1431 1027 1459 cernere
1047 1419 1199 1471 possis,

146 1484 308 1534 Cetera,
330 1484 374 1523 ni
396 1484 522 1523 Catia
542 1491 616 1535 est,
639 1483 827 1524 demissa
847 1490 965 1523 veste
985 1484 1180 1536 tegentis.
1448 1483 1506 1524 95

145 1549 193 1589 Si
214 1549 437 1588 interdicta
456 1557 587 1602 peteS,
606 1539 1171 1590 vallo'circumdata—-nam
1193 1555 1235 1590 te

145 1614 239 1654 Hoc
260 1614 361 1654 facit
382 1615 807 1655 insanum—multae
828 1614 903 1655 tibi
924 1622 1018 1654 tum
1038 1613 1225 1654 officient
1243 1626 1322 1665 res»,

146 1679 369 1730 Custodes,
392 1681 552 1730 lectica,
574 1680 808 1730 ciniflones,
831 1680 1054 1732 parasitae,

145 1743 215 1784 Ad
236 1744 344 1783 talos
365 1745 474 1784 stola
493 1745 693 1794 demissa,
715 1751 756 1784 et
776 1743 1046 1784 circumdata
1065 1743 1195 1796 palla,

145 1809 349 1860 Plurima,
371 1822 483 1862 quae
504 1809 729 1849 invideant
748 1822 855 1862 pure
876 1822 1077 1862 apparere
1098 1809 1175 1850 tibi
1194 1821 1297 1851 rem.
1421 1809 1506 1850 100

145 1874 302 1925 Altera,
324 1875 385 1915 nil
406 1875 546 1915 obstat
563 1889 572 1915 :
604 1875 704 1916 Cois
725 1876 800 1916 tibi
821 1888 958 1928 paene
978 1874 1122 1915 videre
1140 1881 1206 1915 est

145 1941 205 1982 Ut
225 1940 401 1991 nudam,
424 1954 478 1980 ne
499 1954 620 1981 crure
641 1941 767 1993 malo,
788 1954 843 1982 ne
865 1941 919 1981 sit
939 1941 1046 1994 pede
1067 1942 1181 1996 turpi
1198 1956 1209 1983 ι

145 2006 285 2046 Metiri
307 2007 442 2059 possis
462 2007 587 2047 oculo
607 2007 733 2047 latus.
792 2008 863 2047 An
884 2008 959 2048 tibi
981 2007 1124 2047 mavis

146 2071 331 2112 Insidias
353 2071 442 2112 fieri
464 2073 732 2126 pretiumque
753 2073 928 2113 avellier
948 2079 1049 2112 ante

145 2138 296 2182 Quam
317 2150 501 2178 mercem
521 2138 723 2178 ostendi?
755 2138 997 2190 “Leporem
1017 2144 1195 2178 venator
1209 2144 1258 2179 ut
1272 2138 1362 2179 alta
1420 2140 1502 2180 105

144 2203 198 2244 In
217 2203 316 2243 nive
337 2210 529 2254 sectetur,
552 2204 740 2255 positum
761 2203 821 2242 sic
842 2210 1015 2255 tangere
1036 2203 1142 2243 nolit
1158 2204 1193 2244 :”

145 2269 314 2319 Cantat,
336 2275 377 2308 et
397 2269 594 2321 apponit:
629 2272 786 2308 “meus
807 2275 871 2308 est
890 2281 1010 2308 amor
1029 2269 1131 2309 huic
1152 2269 1327 2310 similis:
1357 2281 1463 2310 nam

145 2334 409 2381 Transvolat
428 2335 473 2375 in
493 2333 634 2375 medio
653 2334 802 2387 posita,
824 2340 866 2374 et
885 2333 1096 2388 fugientia
1115 2335 1295 2389 captat.”

388 2487 441 2520 81.
464 2487 515 2519 Sit
529 2486 618 2524 licet,
631 2497 652 2519 o
667 2486 836 2525 Cerintho,
849 2491 952 2519 tuum.
1040 2487 1095 2520 90.
1118 2486 1272 2528 Lynceis.
