1612 2716
139 143 236 191 258
650 150 986 182 EPISTOLARUM

618 349 902 405 ΕΒΙΞΤΟΙΑΑ
939 349 1014 388 IX

405 483 481 511 AD
521 482 856 510 CLAUDIUM
899 479 1228 509 NERONEM.

250 601 495 655 Septimius,
518 599 686 651 Claudi,
709 599 914 640 nimirum
934 597 1133 650 intelligit
1152 610 1280 648 unus,

195 668 364 714 Quanti
386 680 454 721 me
475 666 633 706 facias:
665 678 769 705 nam
789 677 891 704 cum
912 670 1032 716 rogat
1051 669 1094 703 et
1114 662 1245 716 prece
1256 663 1382 716 cogit,

196 734 378 785 Scilicet,
402 739 450 772 ut
470 731 546 772 tibi
567 744 612 771 se
634 730 811 770 laudare
831 737 874 770 et
894 729 1057 769 tradere
1077 741 1216 780 coner,

197 800 393 852 Dignum
412 804 554 838 mente
574 796 786 848 domoque
808 795 986 848 legentis
1007 795 1188 853 honesta
1208 794 1400 845 Neronis,

197 865 375 906 Munere
395 877 498 903 cum
518 862 640 915 fungi
662 862 862 914 propioris
882 867 1028 900 censet
1048 847 1188 911 amici,
1466 858 1496 900 5

196 930 320 976 Quid
339 930 500 983 possim
519 928 637 968 videt
658 941 708 968 ac
730 927 849 967 novit
869 939 938 966 me
958 925 1132 966 valdius
1153 915 1256 978 ipso.

197 995 339 1036 Multa
359 994 535 1047 quidem
555 993 657 1043 dixi,
680 1006 757 1032 cur
777 997 1013 1032 excusatus
1033 991 1218 1030 abirem:
1270 981 1272 983 ’

197 1060 283 1102 Sed
306 1060 442 1110 timui,
465 1073 562 1099 mea
583 1072 637 1114 ne
659 1058 838 1107 finxisse
859 1057 1024 1114 minora
1045 1045 1227 1112 putarer,

199 1125 502 1166 Dissimulator
521 1124 612 1177 opis
633 1118 846 1176 propriae,
857 1122 964 1162 mihi
985 1120 1237 1177 commodus
1257 1120 1347 1161 uni.

197 1192 269 1233 Sic
289 1204 379 1244 ego,
403 1190 573 1244 majoris
594 1188 764 1241 fugiens
785 1187 1006 1240 opprobria
1026 1186 1190 1239 culpae,
1445 1185 1499 1226 10

199 1257 369 1298 Frontis
390 1256 446 1296 ad
467 1257 657 1296 urbanae
677 1253 876 1294 descendi
899 1253 1100 1308 praemia.
1159 1250 1332 1297 Quodsi

198 1323 454 1376 Depositum
474 1321 628 1362 laudas
648 1321 703 1360 ob
723 1320 851 1360 amici
866 1320 988 1373 jussa
1008 1317 1227 1371 pudorem,

198 1389 343 1431 Scribe
364 1389 427 1429 tui
448 1388 586 1442 gregis
608 1387 738 1438 hunc,
760 1392 802 1426 et
822 1385 972 1426 fortem
991 1383 1115 1424 crede
1134 1383 1396 1434 bonumque.

743 1604 902 1613 ——.—

633 1740 917 1814 EPIS'iJOLA
956 1772 1008 1812 X.

455 1919 530 1947 AD
570 1915 811 1946 Fuscum
853 1913 1191 1942 ARISTIUM.

259 2049 387 2091 Urbis
408 2053 641 2088 amatorem
661 2045 857 2085 Fuscum
877 2041 1041 2081 salvere
1051 2040 1260 2094 jubemus
1291 2028 1298 2033 ⁴

203 2116 331 2158 Ruris
352 2120 573 2163 amatores,
595 2112 677 2151 hac
698 2110 743 2150 in
764 2122 806 2149 re
828 2108 987 2148 scilicet
1007 2119 1097 2146 una

205 2182 395 2233 Multum
415 2178 653 2228 dissimiles,
675 2182 719 2215 at
738 2181 877 2215 cetera
896 2185 1031 2226 paene
1052 2171 1233 2229 gemelli,

205 2246 422 2290 Fraternis
443 2235 608 2294 animis,
631 2239 843 2294 quidquid
865 2245 994 2292 negat
1016 2237 1132 2288 alter,
1153 2243 1195 2277 et
1215 2235 1331 2288 alter,

206 2312 454 2356 Annuimus
473 2309 628 2364 pariter
646 2306 781 2348 vetuli
803 2305 979 2358 notique
999 2302 1200 2345 columbi.
1471 2299 1500 2341 ὅ

660 2439 701 2472 Ε.
716 2449 749 2471 x.
763 2438 796 2471 3.
819 2437 862 2470 ad
876 2442 997 2470 cetera.
