1650 2730
179 181 242 230 62

720 194 987 228 (umanum

377 299 469 341 Nec
489 299 605 340 leves
625 311 797 340 somnos
818 299 942 340 timor
960 305 1038 341 aut·
1055 298 1212 354 cupido

488 365 695 408 Sordidus
716 365 866 406 aufert.

377 497 502 543 Quid
521 497 639 538 brevi
659 497 785 538 fortes
800 497 1047 552 jaculamur
1065 510 1174 538 aevo

376 564 548 604 Multa'.l
579 563 683 616 quid
704 570 833 604 terras
854 564 938 603 alio
958 563 1147 604 calentes

377 629 477 672 Sole
497 630 750 670 mutamus?
810 630 978 670 Patriae
998 629 1096 682 quis
1116 641 1243 670 exsui

488 695 544 736 Se
564 708 738 748 quoque
757 694 868 748 fugit
881 695 901 735 <2

375 825 556 867 Scandit
575 814 742 866 aeratas
762 826 916 866 vitiosa
935 838 1069 866 naves

377 892 505 944 Cura,
526 905 605 932 nec
627 899 790 933 turmas
810 893 1007 945 equitum
1026 892 1237 946 relinquit,

376 957 504 998 Ocior
523 958 660 998 cervis
680 965 722 998 et
742 965 896 1011 agente
916 959 1085 999 nimbos

488 1024 616 1065 Ocior
635 1024 766 1065 Euro.

375 1154 538 1196 Laetus
559 1155 604 1195 in
623 1168 824 1209 praesens
844 1156 1029 1208 animus,
1046 1157 1163 1210 quod
1182 1157 1296 1199 ultra
1314 1163 1390 1210 est,

375 1220 524 1261 Oderit
544 1234 704 1273 curare,
727 1228 770 1261 et
788 1235 937 1262 amara
957 1222 1072 1263 lento

375 1287 608 1340 Temperet
628 1287 727 1328 risu.
788 1288 909 1328 Nihil
929 1295 994 1329 est
1013 1289 1068 1330 ab
1087 1289 1208 1331 omni

487 1353 613 1394 Parte
634 1354 821 1394 beatum.

373 1484 565 1525 Abstulit
584 1483 750 1523 clarum
769 1484 855 1523 cita
874 1496 988 1524 mors
1007 1483 1235 1537 Achillem,

374 1549 526 1601 Longa
547 1549 790 1589 Tithonum
810 1549 967 1589 minuit
987 1556 1197 1603 senectuS,

372 1614 433 1655 Et
451 1614 559 1654 mihi
579 1613 733 1666 forsan,
754 1614 830 1655 tibi
849 1614 966 1668 quod
984 1617 1160 1670 negarit,

485 1680 674 1733 Porriget
693 1680 809 1721 hora.

373 1811 442 1852 Te
463 1824 611 1865 greges
632 1819 807 1853 centum
828 1813 1087 1868 Siculaeque
1107 1814 1272 1856 circum

372 1877 578 1930 Mugiunt
597 1891 767 1930 vaccae,
790 1880 865 1920 tibi
886 1881 996 1921 tollit
1015 1882 1237 1922 hinnitum

371 1943 486 1996 Apta
505 1943 724 1998 quadrigis
744 1958 867 1998 equa,
889 1947 1015 1998 tebis
1035 1945 1138 1987 Afro

482 2009 646 2050 Murice
667 2010 824 2051 tinctae

371 2139 571 2180 Vestiunt
591 2140 716 2181 lanae
734 2155 743 2182 :
774 2141 881 2181 mihi
902 2154 1037 2194 parva
1055 2154 1164 2193 rura,
1185 2148 1228 2183 et

369 2205 576 2258 Spiritum
597 2206 751 2246 Graiae
771 2213 945 2246 tenuem
966 2207 1184 2249 Camenae

368 2270 505 2311 Parca
524 2283 610 2310 non
631 2271 820 2311 mendax
841 2271 968 2323 dedit,
989 2278 1032 2312 et
1051 2273 1294 2328 malignum

481 2336 686 2392 Spernere
706 2337 877 2391 vulgus.

466 2469 516 2502 19.
539 2469 667 2509 patria?
689 2470 766 2509 quis.
1052 2470 1107 2502 26.
1130 2470 1228 2504 laeto.

1476 298 1531 341 15

1475 1158 1531 1199 25

1464 2325 1578 2382 4ο·
