1612 2716
506 188 716 233 mimz
781 197 918 231 avr.
1296 174 1388 230 191

49 305 161 348 Ante
178 309 428 359 potestatem
446 302 571 344 'Pulli
590 308 719 355 atque
738 300 924 356 ignobile
941 310 1125 354 regnum
1295 337 1297 339 ,

50 370 211 413 Multos
230 382 356 423 saepe
374 369 487 409 viros
507 367 639 409 nullis
658 367 887 421 majoribus
906 373 1017 407 ortos
1339 363 1394 404 10

50 437 109 478 Et
130 436 288 476 vixisse
307 435 470 488 probos,
491 433 645 486 amplis
665 439 707 472 et
725 433 955 472 honoribus
975 437 1146 483 auctos3

52 502 210 542 Contra
229 500 481 550 Laevinum,
504 497 644 539 valen
664 510 811 550 genUS,
832 488 948 537 unde
968 496 1188 548 Superbus

51 565 318 618 Tarquinius
345 576 473 617 regno
493 563 642 616 pulsus
663 562 783 615 fugit,
805 562 936 602 unius
956 561 1064 601 assis

53 630 151 671 Non
171 641 365 682 unquam
385 629 515 681 pretio
534 627 666 681 pluris
687 627 867 678 licuisse,
890 632 1063 666 notante

54 694 216 745 Judice,
236 706 322 746 quo
341 693 464 744 nosti,
485 692 651 745 populo,
673 692 748 744 qui
767 691 924 732 stultus
944 691 1124 731 honores
1346 690 1399 730 15

53 753 189 812 Saepe
208 757 284 798 dat
303 757 491 810 indignis
512 764 553 797 et
573 756 714 797 famae
735 757 863 796 servit
882 756 1063 808 ineptus,

55 825 147 869 Qui
167 829 308 876 stupet
325 823 371 863 in
391 822 524 863 titulis
543 828 586 862 et
604 821 875 875 imaginibus.
933 821 1056 866 Quid
1076 826 1236 874 oportet

56 889 146 930 Nos
165 888 313 939 facere,
334 900 362 927 a
379 887 511 940 vulgo
531 887 655 939 longe
675 886 885 939 longeque
905 893 1084 926 remotos
1096 885 1116 925 ’.Ι

54 952 255 1004 Namque
274 959 374 1002 esto,
395 951 579 1004 populus
599 951 791 991 Laevino
810 951 960 991 mallet
979 951 1194 1001 honorem,

58 1017 209 1061 Quam
228 1016 361 1056 Decio
380 1015 586 1056 mandare
605 1028 728 1066 novo,
749 1028 983 1067 censorque
1003 1020 1193 1055 moveret
1345 1012 1403 1053 20

58 1080 235 1132 Appius,
256 1080 441 1132 ingenuo
461 1080 496 1119 si
515 1092 602 1119 non
621 1093 760 1119 essem
779 1086 895 1132 patre
914 1086 1068 1119 natus:

59 1145 138 1185 Vel
157 1144 314 1194 merito,
335 1144 540 1195 quoniam
559 1144 605 1182 in
623 1144 788 1195 propria
807 1157 894 1184 non
914 1143 1023 1196 pelle
1043 1143 1268 1195 quiessem.

60 1209 147 1250 Sed
166 1208 355 1261 fulgente
375 1207 504 1247 trahit
522 1207 766 1247 constrictos
787 1208 918 1260 gloria
937 1220 1064 1247 curru

61 1274 159 1315 Non
178 1273 323 1313 minus
343 1273 507 1325 ignotos
528 1272 750 1324 generosis.
809 1273 912 1316 Quo
932 1272 1017 1322 tibi,
1039 1271 1157 1323 Tilli,

62 1339 239 1380 Sumere
259 1337 499 1390 depositum
518 1336 692 1376 clavum
712 1335 887 1388 fierique
907 1336 1107 1376 tribuno?
1348 1335 1404 1376 25

61 1402 232 1444 Invidia
251 1401 444 1451 accrevit,
465 1401 629 1454 privato
649 1413 761 1452 quae
781 1401 920 1441 minor
938 1407 1060 1440 esset.

61 1466 177 1508 Nam
195 1473 244 1506 ut
262 1466 444 1518 quisque
464 1465 644 1505 insanus
663 1465 796 1517 nigris
817 1465 1009 1505 medium
1028 1464 1220 1518 impediit
1238 1477 1337 1505 crus

60 1530 250 1571 Pellibus
270 1536 312 1569 et
331 1530 467 1569 latum
486 1529 655 1569 demisit
673 1536 838 1582 pectore
857 1530 1042 1581 clavum,

63 1594 197 1635 Audit
215 1594 435 1634 continuo:
465 1594 579 1638 Quis
599 1594 727 1634 homo
746 1594 817 1634 hic
837 1595 932 1634 est'.z
989 1595 1092 1639 Quo
1112 1600 1230 1647 patre
1249 1594 1405 1634 natus'.z

63 1659 123 1699 Ut
143 1659 179 1698 si
197 1659 272 1710 qui
292 1664 477 1711 aegrotet
496 1671 581 1711 quo
601 1659 746 1699 morbo
765 1659 933 1710 Barrus,
954 1659 1102 1699 haberi
1352 1659 1408 1699 30

63 1723 122 1764 Ut
140 1723 284 1776 cupiat
302 1723 522 1774 formosus,
544 1729 613 1763 eat
631 1736 901 1776 quacunque,
922 1724 1074 1776 puellis

65 1787 230 1840 injiciat
248 1799 396 1827 curam
415 1787 646 1839 quaerendi
666 1788 847 1841 singula,
868 1788 988 1841 quali

65 1851 130 1891 Sit
148 1850 266 1901 facie,
288 1863 397 1902 sura,
418 1851 536 1903 quali
556 1851 673 1904 pede,
695 1852 831 1904 dente,
852 1853 1030 1906 capillo:

66 1913 138 1954 Sic
159 1914 232 1965 qui
252 1915 452 1966 promittit
470 1916 596 1967 cives,
621 1917 780 1957 Urbem
801 1917 881 1956 sibi
901 1930 1040 1968 curae,

67 1977 298 2028 ImPerium
317 1978 402 2018 fore
421 1986 463 2019 et
482 1979 653 2019 Italiam
672 1986 714 2020 et
733 1980 910 2020 delubra
929 1980 1116 2032 deorum,
1354 1981 1409 2021 35

69 2041 172 2084 Quo
189 2047 304 2092 patre
325 2043 378 2082 sit
396 2050 540 2096 natus,
556 2056 664 2084 num
683 2045 829 2097 ignota
848 2051 982 2085 matre
1003 2045 1264 2097 inhonestus,

71 2103 232 2144 Omnes
251 2106 446 2146 mortales
465 2120 612 2148 curare
631 2115 672 2148 et
691 2122 891 2161 quaerere
910 2110 1092 2162 cogit.—

71 2167 212 2218 Tune,
234 2168 341 2219 Syri,
363 2169 540 2222 Damae,
561 2179 636 2212 aut
655 2173 839 2226 Dionysi
859 2174 986 2225 filius,
1008 2174 1142 2214 audes

73 2231 260 2285 Dejicere
279 2245 302 2271 e
323 2245 428 2272 saxo
447 2234 562 2274 cives
581 2242 658 2276 aut
676 2237 839 2279 tradere
860 2238 1026 2280 Cadmo
1037 2239 1115 2279 ?-
1142 2253 1147 2256 ·

229 2350 277 2380 13.
301 2349 408 2388 pulsus
421 2350 487 2382 fuit.
578 2353 627 2384 15.
650 2363 742 2392 quem
758 2357 852 2387 nosti.
942 2356 993 2388 18.
1016 2357 1111 2396 longe
1128 2356 1264 2394 lateque.

147 2401 203 2434 25.
225 2402 396 2434 tribunum.
482 2403 536 2435 29.
559 2403 623 2441 hic,
637 2412 690 2436 aut
709 2417 788 2445 quo;
809 2407 873 2444 hio,
887 2415 920 2439 et
934 2418 1005 2447 quo.
1091 2408 1144 2439 31.
1168 2407 1212 2438 Et
1226 2405 1343 2447 cupiat.

556 2456 609 2488 35.
634 2457 773 2492 Italiam.
786 2460 926 2491 delubra.
