1650 2730
494 184 745 220 mur.
809 181 953 243 ⁰⁰3¹·
1347 177 1418 226 88

289 284 382 329 Nec
401 286 562 340 loquax
580 287 685 329 olim
702 300 844 342 neque
863 295 996 343 grata,
1014 301 1136 332 nunc
1153 295 1199 333 et
1381 293 1411 336 ὅ

290 351 488 394 Divitum
506 354 667 394 mensis
685 361 729 394 et
746 355 888 396 aulice
905 354 1087 409 templis,

288 417 371 458 Dic
389 417 550 469 modos,
570 418 695 472 Lyde
713 419 873 472 quibus
891 421 1128 462 obstinatas

396 483 593 536 Applicet
610 496 747 536 auree,

285 612 427 664 Quae,
446 612 567 653 velut
586 612 684 653 latis
703 625 818 666 equa
836 614 964 656 trima
980 616 1147 670 campis

285 676 419 718 Ludit
436 677 652 730 exsultim,
673 679 910 732 metuitque
929 682 1061 735 tangi,
1354 684 1411 725 10

284 741 544 796 Nuptiarum
563 756 716 796 expers
735 751 778 785 et
795 744 941 787 adhuc
959 753 1154 799 protervo

397 807 543 849 Cruda
562 810 726 850 marito.

281 935 359 979 'I'u
377 944 496 991 potes
517 939 644 992 tigroe
663 941 924 995 comitesque
943 943 1077 985 silvas

283 1002 452 1043 Ducere
470 1010 513 1044 et
530 1005 645 1045 rivos
663 1006 820 1047 celeres
839 1009 995 1049 morari
1011 1023 1023 1062 ;

283 1067 422 1108 Cessit
441 1069 642 1110 immanis
662 1071 739 1112 tibi
758 1072 995 1114 blandienti
1351 1078 1406 1119 15

393 1132 557 1174 Janjtor
574 1134 712 1186 aulae,

283 1261 501 1313 Cerberus,
523 1263 723 1315 quamvis
741 1263 892 1305 furiale
911 1273 1088 1309 centum

283 1327 485 1367 Muniant
504 1340 668 1380 angues
687 1336 818 1381 caput
836 1332 939 1383 ejuS,
959 1338 1089 1385 atque

281 1392 464 1445 Spiritus
483 1399 587 1432 teter
605 1394 832 1447 saniesque
850 1403 999 1438 manet

392 1457 477 1498 Ore
496 1458 695 1512 trilingui.
1346 1468 1406 1510 20
1496 1517 1501 1520 ,

280 1588 404 1633 Quin
423 1595 466 1628 et
484 1588 611 1628 Ixion
629 1588 872 1642 Tityosque
891 1591 1018 1633 vultu

280 1652 391 1693 Risit
409 1653 553 1704 invito,
575 1654 689 1694 stetit
708 1667 818 1694 uma
835 1656 1036 1708 paullum

279 1717 415 1769 Sicca,
436 1718 541 1759 dum
561 1726 679 1772 grato
699 1714 843 1762 D'anai
861 1722 1029 1775 puellas

390 1783 590 1825 Carmine
608 1785 786 1826 mulces.

277 1921 440 1963 Audiat
456 1922 582 1976 Lyde
601 1923 742 1965 scelus
761 1931 892 1978 atque
910 1933 1035 1968 notas
1338 1932 1395 1974 25

279 1986 504 2039 Virginum
522 2001 683 2041 poenas
701 1997 744 2030 et
762 1991 891 2032 inane
910 1993 1116 2047 lymphae

278 2050 455 2092 Dolium
473 2053 607 2094 fundo
626 2056 840 2108 pereuntis
859 2057 947 2099 imo

388 2117 576 2171 Seraque
594 2118 696 2172 fata,

278 2254 408 2299 Quae
428 2264 606 2298 manent
622 2259 772 2312 culpas
790 2261 921 2302 etiam
939 2263 1021 2304 sub
1040 2263 1164 2305 Orco.

277 2319 599 2372 Impiae-nam
617 2325 722 2376 quid
740 2332 913 2378 potuere
931 2329 1073 2382 majus
1084 2329 1105 2369 ’.ἱ
1338 2328 1395 2370 30

185 2447 225 2481 C.
240 2449 285 2480 xi.
301 2448 351 2482 18.
375 2455 482 2489 caput,
494 2457 662 2492 ematque,
674 2453 714 2484 de
728 2456 812 2496 conj.
828 2455 937 2488 Bentl.
1022 2455 1078 2488 30.
1100 2457 1263 2497 nunquid.
