1650 2730
215 174 280 227 48

753 189 1020 224 (mm

493 294 684 337 Solantis
703 301 882 347 aestum,
903 307 1021 336 nune
1039 295 1086 336 in
1103 293 1192 336 udo

548 360 716 402 Ludere
735 373 839 401 eum
856 361 1004 402 vitulis
1023 361 1173 402 salicto

436 491 775 545 Praegestientis.
835 491 962 532 Tolle
981 491 1227 545 cupidinem

435 557 619 598 Immitis
639 570 775 610 uvae3
800 558 894 612 jam
913 557 988 598 tibi
1009 557 1164 598 lividos

491 623 739 676 Distinguet
757 630 1021 664 auctumnus
1040 635 1232 664 racemos

546 688 765 742 Purpureo
784 689 930 729 varius
949 688 1099 729 colore.

434 819 534 861 Jam
553 825 595 860 te
615 825 839 873 sequetu13
870 819 1000 860 currit
1018 819 1136 860 enim
1154 818 1276 860 ferox

431 885 576 937 Aetas,
596 892 638 926 et
657 885 730 937 illi,
750 898 859 938 quos
879 886 955 926 tibi
974 885 1214 939 dempserit,

490 952 687 1005 Apponet
706 964 866 992 annos:
890 952 983 1006 jam
1002 958 1199 1004 proterva

545 1018 702 1058 Fronte
721 1022 835 1071 petet
853 1017 1016 1071 Lalage
1035 1017 1240 1059 maritum
1255 1031 1266 1071 ;

434 1147 614 1198 Dilecta,
636 1154 851 1201 quantum
869 1160 957 1189 non
976 1147 1138 1189 Pholoe
1157 1147 1308 1202 fugax,

432 1214 532 1256 Non
553 1213 732 1265 Chloris,
754 1214 852 1255 albo
872 1214 933 1254 sic
954 1214 1133 1254 humero
1151 1213 1308 1267 nitens,

487 1279 548 1321 Ut
566 1292 675 1333 pura
693 1286 904 1320 nocturno
922 1279 1085 1321 renidet

543 1345 673 1386 Luna
691 1345 811 1398 mari,
833 1345 1101 1398 Cnidiusque
1120 1345 1267 1399 Gyges
1283 1357 1294 1398 ;

432 1476 581 1521 Quem
601 1475 637 1515 si
657 1475 898 1528 puellarum
918 1475 1122 1515 insereres
1141 1474 1282 1527 choro,

431 1541 539 1582 Mire
560 1553 737 1593 sagaces
748 1539 922 1580 -falleret
941 1539 1130 1592 hospites

487 1606 728 1647 Discrimen
748 1606 988 1656 obscurum,
1010 1604 1164 1645 solutis

544 1671 743 1713 Crinibus
763 1671 1051 1724 ambiguoque
1070 1670 1209 1712 vultu.

706 2028 946 2069 CARMEN
986 2027 1062 2068 VI.

612 2159 691 2186 AD
739 2158 1150 2187 SEPTIMIUM.

418 2275 610 2330 Septimi,
632 2275 776 2316 Gades
795 2275 961 2316 aditure
981 2288 1154 2316 mecum
1172 2282 1216 2316 et

418 2341 685 2384 Cantabrum
705 2340 925 2382 indoctum
937 2342 1046 2395 juga
1064 2340 1170 2382 ferre
1188 2346 1334 2382 nostra
1345 2346 1390 2382 et

317 2474 358 2509 C.
371 2485 405 2508 v.
422 2474 474 2508 12.
495 2473 673 2515 Purpurea
685 2474 798 2513 πτίσς
819 2473 938 2510 varios,
952 2471 992 2504 de
1007 2473 1091 2514 conj.

1220 2471 1276 2505 2⁰.
1299 2470 1448 2504 Gnidio-

1506 559 1562 601 10

1476 949 1562 991 '15
