1612 2716
513 148 673 183 mmm
737 146 779 181 o.
810 145 915 179 x1v,
1291 127 1385 181 15'1

62 287 69 291 -
99 257 253 301 Cetera
268 256 390 299 mitte
410 253 555 308 loqui:
585 251 694 293 deus
712 251 820 292 haec
838 241 1018 291 fortasse
1037 247 1224 300 benigna

155 321 350 370 Boducet
370 321 414 361 in
435 319 581 360 sedem
600 318 706 358 vice.
763 312 955 357 Nuncet
973 313 1266 355 Achaemenio

101 386 307 430 perfundi
325 385 458 427 nardo
470 386 597 439 juvat
616 389 658 423 et
676 381 762 423 fide
782 380 992 434 Cyllenea

157 452 322 494 Levare
341 450 443 491 diris
463 455 630 502 pectora
651 445 1008 487 sollicitudinibus
1025 458 1035 484 ε
1338 442 1393 482 10

104 517 268 559 Nobilis
288 522 338 563 ut
357 515 507 569 grandi
526 513 680 554 cecinit
699 513 944 553 Centaurus
964 510 1169 550 alumno:

155 582 332 632 Invicte‚
354 580 541 620 mortalis
561 579 642 618 dea
662 584 760 618 nate
780 589 886 630 puer
907 574 1107 625 Thetide,

107 647 174 689 'I'e
193 653 339 688 manet
357 645 556 686 Assaraci
576 643 713 693 tellus,
734 654 868 695 quam
887 640 1042 694 frigida
1062 639 1183 693 parvi

162 711 356 752 Findunt
375 708 627 751 Scamandri
646 707 839 758 flumina,
861 706 1049 747 lubricus
1069 712 1111 745 et
1130 701 1310 756 Simois;

107 775 232 817 Unde
253 776 328 816 tibi
347 774 531 816 reditum
549 780 663 814 certo
683 772 923 812 subtemine
945 771 1106 811 Parcae
1344 767 1397 808 15

161 840 340 894 Rupere,
361 852 440 881 nec
460 845 595 880 mater
614 837 792 878 domum
811 836 983 876 caerula
1003 843 1044 875 te
1064 834 1249 875 revehet.

107 905 199 946 Illic
220 917 346 946 omne
365 905 531 945 malum
552 905 651 944 vino
669 900 886 954 cantuque
907 901 1060 951 levato,

163 969 376 1011 Deformis
394 970 678 1023 aegrimoniae
697 967 897 1008 dulcibus
916 965 1127 1019 alloquiis.

647 1172 807 1182 —-—-.

533 1330 772 1370 GARMEN
808 1329 924 1368 XIV.

442 1461 517 1488 AD
566 1460 1022 1489 MAECENATEM.

199 1566 342 1608 Mollis
362 1566 512 1607 inertia
531 1580 608 1607 cur
627 1574 793 1608 tantam
813 1566 1028 1608 diffuderit
1047 1566 1147 1607 imis

279 1631 552 1672 Oblivionem
572 1633 779 1684 sensibus,

199 1696 362 1736 Pocula
381 1691 592 1737 Lethaeos
612 1704 660 1737 ut
680 1698 716 1737 si
736 1697 938 1738 ducentia
957 1708 1128 1736 somnos

281 1761 437 1801 Arente
456 1761 580 1802 fauce
605 1763 817 1813 traxerim,

200 1824 394 1866 Candide
415 1826 656 1878 Maecenas,
676 1827 835 1867 occidis
856 1839 982 1880 saepe
1002 1826 1211 1879 rogando:
1376 1824 1404 1865 5

281 1890 413 1942 Deus,
434 1891 541 1932 deus
561 1905 664 1932 nam
684 1905 753 1932 me
773 1899 891 1932 vetat

203 1954 408 2008 Inceptos,
430 1956 532 1996 olim
553 1957 809 2009 promissum
827 1969 1011 2008 carmen,
1032 1956 1196 1996 iambos

281 2020 351 2060 Ad
370 2021 622 2062 umbilicum
643 2021 866 2062 adducere.

204 2082 301 2124 Non
321 2084 440 2124 aliter
459 2086 605 2127 Samio
624 2087 774 2127 dicunt
793 2087 946 2127 arsisse
966 2085 1169 2139 Bathyllo

290 2149 553 2191 Anacreonta
571 2152 743 2203 Teium,
1351 2147 1406 2188 10

206 2211 297 2256 Qui
317 2225 515 2266 persaepe
533 2228 642 2256 cava
661 2216 873 2257 testudine
893 2216 1012 2257 flevit
1031 2227 1221 2256 amorem

285 2276 382 2316 Non
401 2277 663 2319 elaboratum
682 2281 739 2320 ad
758 2281 922 2333 pedem.

204 2340 345 2380 Ureris
366 2341 454 2392 ipse
474 2343 620 2383 miser:
650 2345 801 2396 quodsi
822 2359 906 2386 non
928 2346 1139 2398 pulchrior
1158 2343 1269 2396 ignis

286 2404 490 2445 Accendit
508 2407 725 2448 obsessam
745 2409 864 2459 Ilion,
