1612 2716
579 172 1016 208 amman
1361 162 1452 208 231

114 275 207 320 Nec
225 289 330 319 sum·
340 275 533 318 facturus
551 276 655 316 vitio
672 276 856 330 culpave
874 277 1106 329 minorem3

113 342 163 385 si
180 355 357 383 veneror
374 342 532 383 stultus
551 341 659 382 nihil
679 342 856 383 horum:
887 342 927 383 Ο
947 342 984 382 si
1003 341 1192 395 angulus
1212 341 1285 381 ille

114 407 342 449 Proximus
361 407 549 458 accedat,
566 407 644 460 qui
663 419 780 448 nunc
798 407 1020 448 denormat
1040 407 1256 460 agellum!

86 498 94 503 ·
113 470 154 514 Ο
174 473 211 512 si
231 485 385 512 umam
403 472 566 525 argenti
586 471 671 512 fors
689 485 802 525 quae
822 473 929 512 mihi
948 479 1170 522 monstret,
1185 479 1235 512 ut
1253 471 1325 523 illi,
1407 472 1460 512 10

114 537 342 578 Thesauro
361 537 535 577 invento
553 537 629 589 qui
648 538 934 578 mercenarius
953 549 1106 590 agrum

114 602 243 643 Illum
265 603 406 655 ipsum
425 610 637 642 mercatus
656 603 805 653 aravit,
826 602 948 642 divae
967 602 1107 642 amico

114 667 319 708 Hercule!
349 668 398 718 si,
417 667 533 720 quod
552 667 685 718 adest,
702 676 872 720 gratum
886 669 1031 722 juvat:
1061 669 1144 708 hac
1163 680 1287 721 prece
1306 674 1347 708 te
1366 680 1457 708 oro:

116 732 280 788 Pingue
299 745 430 786 pecus
449 733 624 773 domino
642 732 788 785 facias,
809 740 852 774 et
869 741 1020 785 cetera,
1041 740 1206 787 praeter

114 796 352 850 Ingenium,
374 805 506 850 utque
526 798 646 849 soles,
667 805 812 839 custos
830 799 939 839 mihi
958 799 1178 839 maximus
1197 798 1325 839 adsis.
1406 800 1457 840 15

114 862 241 915 Ergo,
262 863 336 903 ubi
355 876 425 903 me
443 863 489 903 in
507 870 675 904 montes
693 871 735 904 et
754 864 799 904 in
819 877 962 905 arcem
980 878 1036 905 ex
1056 864 1171 906 Urbe
1191 865 1363 916 removi,

115 927 239 972 Quid
257 929 374 980 prius
392 928 600 969 illustrem
619 929 770 970 Satiris
789 930 1004 983 Musaque
1024 929 1236 983 pedestri‘l

116 991 206 1032 Nec
226 993 342 1033 mala
361 1006 430 1034 me
449 994 623 1034 ambitio
642 995 777 1047 perdit
797 1008 877 1035 nec
896 995 1125 1048 plumbeus
1146 996 1302 1034 Auster

117 1058 473 1110 Auctumnusque
493 1060 646 1111 gravis,
667 1060 879 1100 Libitinae
899 1067 1105 1112 quaestus
1125 1060 1314 1099 acerbae.

117 1123 331 1164 Matutine
351 1130 478 1175 pater,
500 1136 576 1163 seu
595 1124 704 1164 Jane
724 1124 925 1164 libentius
944 1124 1081 1175 audis,
1403 1125 1460 1165 20

118 1188 244 1230 Unde
263 1188 456 1227 homines
475 1200 650 1239 operum
670 1189 826 1240 primos
846 1190 1044 1241 vitaeque
1064 1189 1228 1228 labores

117 1253 481 1303 Instituunt,—sic
501 1251 567 1291 dis
587 1252 898 1304 placitum—tu
916 1253 1118 1292 carminis
1136 1260 1227 1292 esto

117 1318 390 1371 Principium.
448 1317 611 1357 Romae
631 1329 875 1369 sponsorem
894 1330 964 1357 me
983 1318 1120 1370 rapis:
1151 1317 1247 1369 Eia,

118 1383 184 1424 Ne
203 1383 312 1436 prior
330 1381 468 1422 officio
487 1382 718 1434 quisquam
736 1381 998 1434 respondeat,
1019 1382 1148 1435 urge!

117 1448 219 1489 Sive
238 1447 395 1500 Aquilo
413 1447 522 1487 radit
541 1454 681 1498 term,
704 1460 780 1487 seu
800 1447 953 1487 bruma
973 1447 1164 1487 nivalem
1403 1445 1460 1487 25

118 1513 319 1554 Interiore
337 1513 451 1552 diem
471 1519 575 1565 gyro·
595 1513 747 1564 trahit;
778 1513 837 1552 ire
857 1525 1029 1553 necesse
1049 1519 1125 1552 est.

119 1578 358 1629 Postmodo,
378 1578 493 1630 quod
512 1585 573 1618 ml
592 1579 711 1629 obsit,
731 1578 843 1618 clare
863 1585 1111 1630 certumque
1132 1577 1283 1628 locuto,

118 1643 424 1686 Luctandum
413 1656 458 1684 ln
477 1644 601 1683 turba
618 1651 661 1683 et
679 1642 906 1684 facienda
895 1644 1049 1697 injuria
1068 1642 1211 1683 tardis.

120 1709 242 1754 Quid
261 1709 339 1760 vis,
359 1709 519 1759 insane,
539 1715 582 1748 et
599 1722 709 1761 quas
728 1722 794 1749 res
814 1709 938 1762 agis?
967 1709 1184 1761 improbus
1204 1714 1328 1761 urget

120 1774 243 1815 lratis
262 1774 478 1826 precibus3
509 1780 557 1814 tu
576 1773 720 1826 pulses
738 1786 876 1824 omne,
896 1773 1012 1826 quod
1032 1774 1182 1824 obstat,
1405 1771 1463 1812 30

121 1838 190 1878 Ad
210 1838 502 1878 Maecenatem
520 1839 694 1879 memori
714 1838 751 1879 si
770 1845 913 1880 mente
930 1850 1191 1880 recurras.—

121 1902 215 1942 Hoc
228 1903 354 1956 juvat
371 1908 413 1942 et
430 1902 547 1942 melli
566 1910 653 1954 est;
683 1916 770 1943 non
789 1905 992 1956 mentiar-3
1023 1911 1069 1944 at
1088 1903 1219 1944 simul
1237 1910 1351 1944 atras

123 1967 309 2008 ventum
327 1974 391 2007 est
411 1967 639 2019 Esquilias
660 1967 801 2007 aliena
820 1969 990 2021 negotia
1008 1975 1183 2008 centum

122 2032 204 2072 Per
221 2039 351 2085 caput
368 2038 411 2072 et
428 2032 541 2072 circa
560 2031 719 2072 saliunt
738 2032 863 2073 latus.
921 2034 1033 2073 Ante
1053 2033 1289 2075 secundam

125 2095 307 2136 Roscius
325 2098 472 2137 orabat
490 2098 570 2137 sibi
590 2097 761 2137 adesses
781 2097 838 2138 ad
858 2098 1010 2138 Puteal
1029 2111 1195 2138 cras.—
1407 2098 1463 2138 35

126 2160 192 2200 De
211 2173 254 2199 re
273 2162 490 2201 communi
509 2163 668 2202 scribae
688 2175 848 2216 magna
866 2170 994 2216 atque
1013 2176 1127 2204 nova
1146 2170 1188 2204 te

125 2225 317 2265 Orabant
337 2225 461 2265 hodie
480 2227 755 2278 meminisses,
777 2229 955 2279 Quinte,
972 2229 1193 2269 reverti.—

126 2290 343 2343 Imprimat
357 2291 436 2344 his,
451 2305 566 2343 cura,
582 2291 810 2333 Maecenas
829 2293 953 2347 signa
972 2293 1211 2334 tabellis.—

723 2442 776 2474 1⁰.
797 2452 870 2482 qu.
