1612 2716
513 669 561 721 Q.
597 671 837 719 HORATII
882 672 1086 721 FLACCI

154 838 691 904 EPISTOLA
749 842 892 905 AD
950 842 1440 917 PISONES,

493 1025 578 1066 DE
618 1027 784 1068 ARTE
827 1027 1105 1069 POETICA.

679 1194 921 1204 *—

174 1326 383 1367 ΗυΜΑΝο
404 1326 533 1378 capiti
553 1326 763 1366 cervicem
783 1327 916 1379 pictor
935 1328 1140 1380 equinam

117 1391 303 1444 Jungere
325 1392 361 1432 si
381 1391 494 1442 velit,
517 1398 558 1431 et
579 1392 720 1431 varias
741 1391 942 1432 inducere
961 1393 1134 1445 plumas

118 1456 319 1509 Undique
339 1457 504 1497 collatis
525 1457 737 1508 membris,
760 1464 808 1497 ut
828 1458 1005 1510 turpiter
1024 1465 1166 1499 atrum

118 1522 300 1562 Desinat
319 1522 364 1562 in
384 1522 546 1574 piscem
566 1522 719 1562 mulier
739 1522 923 1562 formosa
944 1536 1137 1576 superne,

116 1587 368 1639 Spectatum
389 1587 565 1627 admissi
587 1587 720 1627 risum
743 1589 932 1639 teneatis,
954 1589 1117 1629 amici?
1442 1595 1468 1635 5

116 1651 295 1703 Credite,
319 1653 506 1703 Pisones,
529 1653 596 1692 isti
618 1653 790 1693 tabulae
811 1653 897 1692 fore
919 1653 1074 1693 librum

115 1717 392 1767 Persimilem,
414 1719 548 1770 cujus,
570 1717 689 1756 velut
710 1708 824 1768 aeg'ri
846 1718 1023 1767 somnia,
1046 1729 1185 1757 vanae

115 1782 356 1834 Finge-ntur
376 1782 547 1834 species,
570 1788 619 1820 ut
638 1793 716 1820 nec
738 1794 811 1833 pes
832 1794 911 1821 nec
931 1789 1062 1834 caput
1082 1782 1159 1822 uni

114 1846 337 1888 Reddatur
357 1845 527 1885 formae.
587 1845 824 1885 Pictoribus
845 1852 974 1898 atque
994 1847 1128 1899 poetis

115 1911 341 1957 Quidlibet
361 1910 549 1951 audendi
570 1924 734 1963 semper
754 1911 835 1951 fuit
855 1924 994 1964 aequa
1014 1918 1212 1964 potestas.
1411 1914 1466 1956 10

114 1977 297 2028 Scimus,
319 1984 360 2016 et
379 1977 493 2016 hanc
514 1977 686 2017 veniam
707 1976 976 2030 petimusque
997 1977 1239 2031 damusque
1259 1979 1463 2033 vicissim,

114 2042 201 2084 Sed
221 2054 307 2082 non
328 2049 376 2081 ut
395 2041 574 2094 placidis
594 2049 745 2082 coeant
764 2042 955 2093 immitia,
977 2055 1063 2082 non
1085 2050 1133 2083 ut

114 2107 339 2160 Serpentes
360 2107 514 2146 avibus
535 2107 816 2159 geminentur,
839 2107 1017 2159 tigribus
1038 2109 1151 2161 agni.

114 2171 299 2224 Inceptis
319 2171 521 2223 gravibus
541 2171 792 2223 plerumque
813 2178 854 2211 et
874 2184 1034 2224 magna
1054 2173 1253 2225 professis

116 2237 370 2290 Purpureus,
393 2235 479 2275 late
500 2236 573 2287 qui
594 2235 824 2287 splendeat,
848 2248 962 2276 unus
983 2244 1024 2277 et
1044 2237 1149 2278 alter
1409 2239 1462 2280 15

113 2300 322 2342 Adsuitur
341 2311 532 2353 pannus3
568 2312 669 2340 cum
690 2300 814 2340 lucus
835 2307 877 2340 et
895 2314 969 2341 ara
991 2302 1158 2343 Dianae

114 2366 174 2407 Et
192 2365 452 2420 properantis
473 2376 612 2417 aquae
631 2375 706 2416 per
726 2375 928 2405 amoenos
947 2367 1136 2407 ambitus
1156 2377 1292 2420 agree,

664 2503 697 2536 8.
721 2501 910 2543 Finguntur.
