1612 2716
558 177 791 213 mn.
852 177 992 211 arv.
1351 154 1448 213 m

163 281 263 324 Non
280 281 398 336 prius
414 286 570 323 exacta
586 281 706 322 tenui
717 283 885 322 ratione
902 292 1117 335 saporum.

162 347 255 388 Nec
270 347 378 388 eatis
396 354 462 388 est
479 359 580 388 cara
598 347 736 400 pisces
753 354 942 388 avertere
961 359 1125 398 mensa,

162 412 368 466 Ignarum
386 413 544 465 quibus
562 419 626 452 est
638 413 712 466 jus
730 412 884 465 aptius,
902 418 947 452 et
963 412 1123 465 quibus
1142 412 1252 453 assis

162 477 418 531 Languidus
437 478 482 518 in
501 477 696 518 cubitum
709 478 802 531 jam
820 490 866 517 se
885 478 1069 518 conviva
1087 484 1271 531 reponet.

161 542 322 584 Umber
338 550 382 583 et
398 542 532 596 iligna
550 543 735 584 nutritus
755 542 912 596 glande
930 543 1138 583 rottmdas
1393 543 1450 584 40

162 608 325 648 Curvat
344 620 446 661 aper
463 607 609 649 lances
626 621 800 648 carnem
818 608 995 649 vitantis
1014 609 1218 649 inertem:

161 672 277 717 Nam
291 673 489 715 Laurens
506 673 649 714 malus
668 680 744 725 est,
765 673 879 714 ulvis
898 680 940 714 et
959 673 1170 714 arundine
1187 674 1371 728 pinguis-

161 738 297 779 Vinea
314 739 525 782 submittit
542 751 718 791 capreas
737 751 825 780 non
843 752 1009 793 semper
1027 739 1188 780 edules.

162 802 395 844 Fecundae
415 803 567 856 leporis
590 804 760 856 sapiens
780 805 1010 845 sectabitur
1027 817 1180 845 armos.

161 868 357 909 Piscibus
375 875 506 921 atque
525 869 680 909 avibus
699 882 811 922 quae
829 877 985 910 natura
1003 876 1047 910 et
1064 869 1170 910 foret
1187 876 1319 922 aetas,
1394 870 1451 911 45

159 934 273 974 Ante
290 947 439 975 meum
455 934 565 975 nulli
583 935 722 987 patuit
740 935 934 987 quaesita
953 935 1160 988 palatum.

161 998 275 1039 Sunt
286 1011 470 1050 quorum
489 1000 711 1052 ingenium
729 1013 844 1040 nova
862 1007 1032 1041 tantum
1051 1001 1242 1041 cmstula
1260 1000 1425 1053 promit.

162 1063 449 1115 Nequaquam
468 1065 571 1104 satis
590 1065 636 1104 in
654 1078 699 1104 re
718 1078 808 1105 una
826 1077 1077 1105 consumere
1096 1078 1269 1116 curam3

161 1128 221 1169 Ut
240 1129 275 1168 si
295 1129 392 1180 quis
412 1128 552 1168 solum
570 1129 663 1179 hoc,
683 1129 802 1169 mala
820 1142 874 1169 ne
895 1130 980 1169 sint
998 1130 1113 1181 vina,
1134 1129 1304 1181 laboret,

160 1193 297 1238 Quali
317 1193 544 1246 perfundat
562 1194 699 1245 pisces
718 1206 893 1234 securus
912 1194 1037 1234 olivo.
1390 1195 1447 1235 50

162 1259 350 1299 Massica
369 1259 405 1298 si
423 1258 540 1298 coelo
559 1270 772 1310 suppones
791 1258 894 1298 vina
914 1271 1070 1309 sereno,

163 1323 395 1375 Nocturna,
416 1323 453 1363 si
471 1322 576 1375 quid
595 1323 726 1362 crassi
745 1329 819 1374 est,
840 1324 1085 1363 tenuabitur
1102 1336 1220 1376 aura,

161 1389 221 1429 Et
240 1389 415 1429 decedet
432 1388 535 1428 odor
554 1389 695 1428 nervis
715 1389 939 1440 inimicus;
971 1395 1016 1428 at
1035 1388 1111 1429 illa

160 1454 381 1506 Integrum
400 1453 582 1506 perdunt
601 1453 688 1493 lino
709 1453 860 1493 vitiata
879 1466 1084 1507 saporem.

161 1519 411 1559 Surrentina
429 1518 548 1558 vafer
566 1519 644 1570 qui
663 1519 814 1558 miscet
832 1518 951 1558 faece
971 1519 1157 1559 Falerna
1392 1519 1448 1559 55

161 1584 284 1634 Vina,
304 1584 549 1624 columbino
569 1583 723 1623 limum
741 1584 849 1624 bene
867 1584 1027 1637 colligit
1046 1596 1139 1635 ovo,

161 1649 392 1693 Quatenus
411 1649 499 1688 ima
517 1649 620 1701 petit
638 1648 816 1688 volvens
835 1649 978 1689 aliena
996 1649 1181 1689 vitellus.

161 1713 308 1754 Tostis
326 1721 585 1754 marcentem
606 1713 773 1765 squillis
791 1715 999 1754 recreabis
1017 1721 1060 1754 et
1079 1714 1184 1754 Afra

161 1779 355 1819 Potorem
373 1779 572 1819 cochlea:
601 1791 705 1819 nam
724 1779 894 1819 lactuca
912 1780 1080 1820 innatat
1098 1780 1185 1820 acri

161 1844 262 1883 Post
283 1843 434 1882 vinum
453 1844 692 1895 stomacho;
713 1857 843 1896 perna
863 1845 1002 1897 magis
1021 1857 1074 1884 ac
1092 1845 1232 1897 magis
1252 1844 1369 1885 hillis
1391 1845 1447 1885 60

163 1907 351 1960 Flagitat
370 1908 596 1947 immorsus
615 1908 755 1959 refici3
786 1909 892 1960 quin
911 1910 1056 1949 omnia
1075 1910 1209 1960 malit,

162 1973 462 2024 Quaecunque
481 1971 715 2012 immundis
735 1971 900 2012 fervent
918 1973 1050 2013 allata
1068 1974 1247 2026 popinis.

163 2037 244 2077 Est
263 2050 412 2090 operae
430 2037 624 2090 pretium,
645 2036 828 2089 duplicis
847 2050 1092 2090 pernoscere
1105 2038 1213 2091 juris

164 2101 384 2142 Naturam.
441 2101 635 2155 Simplex
654 2115 678 2142 e
697 2101 813 2142 dulci
832 2109 999 2142 constat
1017 2102 1140 2154 olivo,

164 2165 295 2210 Quod
315 2167 466 2218 pingui
484 2167 659 2206 miscere
679 2179 794 2207 mero
813 2168 1036 2220 muriaque
1056 2167 1220 2210 decebit
1392 2168 1447 2208 65

164 2229 264 2271 Non
281 2229 379 2280 alia,
398 2231 532 2282 quam
549 2243 637 2283 qua
654 2231 867 2284 Byzantia
883 2233 1027 2286 putuit
1044 2246 1156 2276 orca.

224 2389 278 2421 37.
295 2398 447 2421 averrere.
533 2389 586 2421 41.
602 2388 729 2422 eumen.
814 2393 868 2423 44.
884 2392 1037 2424 Fecundi.
1123 2391 1177 2422 48.
1192 2399 1258 2421 um
1272 2397 1330 2422 est.

110 2441 165 2476 51.
185 2451 355 2482 apponas.
442 2440 496 2472 61.
517 2442 552 2472 in
573 2451 716 2480 morsum
737 2443 918 2480 immersus,
932 2444 972 2475 de
990 2444 1093 2484 oonj.;
1114 2443 1292 2480 immersti„
1313 2441 1446 2474 mavult.

740 2502 815 2541 1⁰·
