1612 2716
610 189 842 223 mnan.
908 190 1038 223 nn.
1384 180 1481 226 293

137 293 271 341 Quod
288 306 376 336 non
394 293 517 348 plura
536 293 648 334 datis
669 294 877 334 invenerit
893 306 902 346 ;
934 300 976 334 et
995 302 1139 335 tamen
1159 293 1275 335 idem

137 361 253 402 Scire
271 359 426 410 volam,
448 366 661 412 quantum
682 359 864 412 simplex
883 359 1115 412 hilarisque
1135 360 1278 413 nepoti

138 426 367 478 Discrepet‚
388 431 430 464 et
449 431 661 476 quantum
681 424 890 464 discordet
909 437 1063 478 parcus
1083 438 1226 465 avaro.

138 491 281 531 Distat
295 489 421 540 enim,
436 502 610 542 spargas
626 496 702 529 tua
716 489 928 542 prodigus,
943 503 999 530 an
1015 503 1154 542 neque
1167 496 1388 544 sumptum
1403 491 1483 531 195

137 555 308 595 Invitus
330 553 464 594 facias
483 566 622 606 neque
642 554 765 607 plura
784 567 931 607 parare
952 554 1126 606 labores,

138 620 202 660 Ac
220 619 371 672 potius,
393 631 497 672 puer
517 625 565 659 ut
585 618 701 658 festis
721 619 1051 671 quinquatribus
1072 619 1186 671 olim,

139 684 311 737 Exiguo
330 690 532 737 gratoque
553 684 706 724 fruaris
726 691 910 737 tempore
932 686 1096 738 raptim.

136 749 365 802 Pauperies
385 749 611 789 immunda
630 748 784 789 domus
805 750 950 802 procul
971 750 1108 790 absit:
1139 762 1229 803 ego,
1251 755 1398 791 utrum

136 813 260 855 Nave
278 813 387 855 ferar
405 827 565 867 magna
585 827 642 854 an
662 827 804 867 parva,
826 814 935 855 ferar
954 828 1071 856 unus
1091 822 1132 856 et
1151 815 1278 856 idem.
1399 815 1484 856 200

136 879 235 920 Non
254 879 422 932 agimur
441 879 618 920 tumidis
639 879 743 920 velis
764 880 978 932 Aquilone
998 880 1212 921 secundo:

138 942 239 984 Non
258 950 403 985 tamen
422 944 612 984 adversis
634 951 817 985 aetatem
837 945 1037 987 ducimus
1058 946 1250 999 Austris;

137 1008 318 1059 Viribus,
340 1009 519 1061 ingenio,
541 1010 691 1061 specie,
713 1010 878 1061 virtute,
900 1010 1003 1062 loco,
1024 1023 1079 1062 re,

138 1073 333 1113 Extremi
351 1073 593 1124 primorum,
615 1075 815 1114 extremis
836 1087 972 1126 usque
992 1075 1160 1127 priores.

138 1138 235 1179 Non
255 1150 301 1177 es
321 1149 500 1176 avarus:
531 1138 612 1177 abi.
662 1138 785 1182 Quid
799 1139 818 1178 ’.ῑ
868 1139 1018 1179 Cetera
1032 1140 1121 1192 jam
1144 1137 1273 1178 simul
1293 1137 1373 1178 isto
1398 1137 1483 1178 205

137 1203 252 1243 Cum
270 1202 373 1242 vitio
393 1201 571 1254 fugere?
629 1202 758 1241 Caret
778 1203 851 1242 tibi
872 1210 1020 1255 pectus
1041 1203 1160 1243 inani

137 1267 409 1308 Ambitione'.z
468 1267 594 1307 Caret
614 1267 758 1306 mortis
778 1267 1001 1307 formidine
1020 1274 1062 1307 et
1081 1267 1173 1308 ira?

137 1332 324 1383 Somnia,
346 1338 518 1372 terrores
538 1332 739 1384 magicos,
762 1332 981 1383 miracula,
1004 1345 1141 1384 sagas,

137 1397 379 1438 Nocturnos
399 1397 582 1436 lemures
602 1403 878 1449 portentaque
900 1397 1115 1437 Thessala
1135 1395 1246 1436 rides
1258 1396 1278 1437 ’.ἲ

137 1462 312 1503 Natales
333 1468 448 1515 grate
469 1462 701 1502 numeras'.z
760 1463 951 1515 Ignoscis
971 1462 1120 1501 amicis
1133 1462 1152 1501 ’.ῑ
1396 1461 1482 1502 210

136 1527 291 1567 Lenior
308 1533 350 1566 et
370 1526 518 1566 melior
539 1526 591 1566 fis
611 1526 839 1566 accedente
861 1534 1034 1566 senecta
1046 1527 1065 1566 ’.ῖ

135 1591 259 1636 Quid
278 1597 318 1632 te
337 1597 538 1644 exempta
558 1591 673 1631 levat
693 1592 824 1644 spinis
845 1591 898 1631 de
918 1592 1112 1644 pluribus
1132 1604 1222 1631 una
1235 1591 1255 1631 2

136 1657 286 1697 Vivere
307 1657 340 1697 si
362 1663 471 1696 recte
491 1657 641 1706 nescis,
663 1656 820 1696 decede
841 1657 995 1709 peritis.

134 1722 297 1762 Lusisti
317 1722 429 1772 satis,
451 1721 574 1761 edisti
595 1722 696 1762 satis
717 1728 845 1774 atque
866 1722 1007 1762 bibisti
1024 1735 1033 1774 3

136 1787 332 1839 Tempus
352 1787 466 1827 abire
486 1787 561 1827 tibi
580 1794 654 1838 est,
676 1800 730 1827 ne
750 1787 913 1840 potium
933 1787 1094 1840 largius
1114 1798 1252 1840 aequo
1395 1785 1480 1827 215

136 1851 292 1893 Rideat
310 1858 352 1891 et
371 1851 511 1903 pulset
530 1852 691 1892 lasciva
711 1852 930 1893 decentius
950 1859 1081 1892 aetas.

498 1990 570 2023 199.
593 1991 711 2030 domin
733 1979 848 2031 domo3
870 1991 979 2031 procul
994 1992 1112 2037 procul.
