1612 2716
547 189 759 247 mr.
823 188 955 222 ιιι
1326 170 1424 223 24¹2

140 293 298 350 Syn·
314 292 565 346 Penelopae,
584 292 831 343 nebulones,
849 291 1105 344 Alcinoique

139 351 194 402 ln
210 366 310 400 cute
326 358 520 399 curanda
538 358 637 411 plus
655 369 793 410 aequo
811 364 983 410 operata
994 358 1215 411 Juventug

141 425 227 466 Cui
244 424 474 478 pulchrum
493 423 576 464 fuit
594 423 640 463 in
658 422 824 463 medios
841 422 1022 463 dormire
1041 421 1145 472 dies,
1165 428 1209 462 et
1372 420 1430 462 30
1456 425 1466 432 '

140 490 213 532 Ad
230 490 453 543 strepitum
471 489 660 529 citharae
678 495 896 529 cessatum
914 487 1070 529 ducere
1088 500 1251 528 curam.

143 555 204 596 Ut
213 554 414 609 Jugulent
434 555 639 604 homines,
659 560 843 607 surgunt
860 553 915 594 de
932 560 1056 594 noete
1076 553 1284 594 latrones:

142 621 205 663 Ut
221 627 263 661 te
281 621 424 674 ipsum
441 632 596 670 serves,
616 631 705 660 non
722 618 1057 672 expergisceris?
1113 618 1249 671 Atqui

143 685 192 727 Si
210 685 330 726 nolae
348 697 494 735 sanus,
513 697 659 725 curres
678 683 963 737 hydmpicus3
993 691 1036 724 et
1054 683 1102 724 ni

145 751 301 792 Posces
318 757 420 790 aute
438 750 554 790 diem
573 748 730 790 librum
746 762 850 790 cum
869 749 1044 799 lumine,
1064 749 1102 789 si
1121 760 1209 789 non
1378 745 1434 787 35

143 814 347 856 Intendoe
363 815 560 855 animum
579 814 734 855 studiis
751 822 795 854 et
812 814 941 854 rebus
959 814 1162 865 honestis,

144 880 316 922 Invidia
334 879 405 920 vel
422 892 566 920 amore
584 880 690 933 vigil
709 880 965 933 torquebere.
1025 879 1142 920 Nam
1159 891 1247 930 cur,

145 945 277 989 Quae
296 944 474 985 laedunt
491 944 679 996 oculum,
700 945 878 985 foetinas
896 944 1090 984 demere:
1120 944 1157 984 si
1176 943 1283 996 quid

148 1009 231 1050 Est
249 1010 457 1060 animum,
476 1010 620 1050 differs
638 1010 818 1050 curandi
838 1018 1007 1063 tempus
1026 1010 1072 1049 in
1092 1007 1290 1048 annum?

148 1073 390 1114 Dimidium
407 1072 520 1124 sacti,
540 1075 616 1126 qui
634 1075 783 1127 coepit,
804 1075 957 1125 habet;
989 1086 1135 1126 sapere
1155 1072 1268 1112 aude
1285 1086 1296 1125 3
1382 1070 1439 1112 40

148 1138 321 1191 Incipe!
378 1138 473 1181 Qui
490 1145 601 1177 recte
620 1138 794 1178 vivendi
813 1145 1006 1191 prorogat
1027 1138 1187 1187 horam,

149 1203 356 1245 Rusticus
374 1208 605 1254 exspectat,
625 1202 733 1241 dum
751 1202 915 1242 defluat
933 1202 1098 1253 amnis;
1130 1207 1175 1241 at
1193 1200 1266 1241 ille

148 1269 329 1310 Labitur
346 1274 390 1307 et
408 1266 575 1306 labetur
593 1267 639 1306 in
657 1279 784 1306 omne
802 1267 1004 1307 volubilis
1023 1278 1194 1306 aevum.

150 1333 386 1379 Quaeritur
405 1338 642 1385 argentum,
661 1332 887 1384 puerisque
907 1332 1032 1372 beata
1050 1330 1246 1371 creandis

150 1399 283 1449 Uxor,
302 1405 346 1438 et
364 1397 552 1438 incultae
571 1404 780 1450 pacantur
798 1410 968 1437 vomere
987 1396 1134 1436 silvae.
1384 1393 1441 1436 45

150 1463 285 1509 Quod
306 1464 411 1503 satis
429 1470 494 1503 est
512 1463 583 1503 cui
601 1463 821 1515 contingit,
841 1461 904 1502 nil
923 1462 1110 1515 amplius
1128 1466 1256 1514 optet.

151 1529 251 1570 Non
270 1528 425 1569 domus
443 1536 487 1569 et
504 1527 680 1580 fundus,
699 1541 787 1568 non
805 1528 915 1568 aeris
933 1540 1114 1568 acervus
1133 1533 1176 1567 et
1194 1526 1289 1567 auri

151 1594 335 1646 Aegroto
353 1593 516 1634 domini
534 1592 715 1633 deduxit
733 1605 904 1646 corpore
923 1592 1072 1643 februa,

151 1659 251 1700 Non
269 1659 416 1699 animo
434 1671 585 1699 curas:
611 1658 755 1698 valeat
771 1671 988 1711 possessor
1005 1664 1176 1711 oportet,

152 1724 200 1765 Si
218 1724 490 1777 comportatis
509 1724 636 1764 rebus
653 1724 763 1764 bene
781 1724 941 1777 cogitat
959 1724 1036 1764 uti.
1385 1723 1443 1763 50

152 1789 247 1834 Qui
264 1790 385 1841 cupit
402 1795 480 1829 aut
495 1789 660 1839 metuit,
673 1790 800 1843 juvat
818 1789 945 1830 illum
963 1789 1025 1830 sic
1044 1788 1200 1829 domus
1218 1794 1262 1829 et
1278 1801 1358 1840 res,

153 1853 215 1894 Ut
233 1853 399 1906 lippum
417 1853 555 1906 pictae
575 1853 758 1905 tabulae,
778 1853 967 1895 fomenta
985 1853 1231 1907 podagram,

155 1917 384 1959 Auriculas
402 1918 591 1958 citharae
609 1918 787 1958 collecta
805 1918 928 1959 sorde
946 1918 1151 1959 dolentes.

156 1982 382 2023 Sincerum
398 1989 466 2023 ost
483 1984 567 2024 nisi
584 1997 677 2035 vas,
696 1983 985 2036 quodcunque
1004 1983 1209 2034 infundis,
1228 1983 1397 2024 acescit.

157 2047 318 2100 Sperne
335 2048 600 2102 voluptatem
629 2055 756 2089 nocet
774 2055 919 2102 empta
937 2049 1080 2089 dolore
1098 2049 1311 2102 voluptas.
1387 2050 1443 2090 55

157 2112 334 2165 Semper
351 2125 509 2154 avarus
527 2121 647 2168 eget;
677 2120 844 2156 certum
862 2121 962 2154 voto
979 2121 1075 2187 pete
1094 2114 1239 2156 finem.

158 2176 339 2217 Invidus
357 2177 531 2218 alterius
549 2180 771 2220 macrescit
789 2180 917 2220 rebus
934 2179 1115 2232 opimis:

158 2240 330 2282 Invidia
348 2241 484 2283 Siculi
502 2255 591 2284 non
607 2244 809 2285 invenere
827 2245 1001 2298 tyranni

160 2306 304 2359 Mnjus
323 2313 591 2348 tormentum.
647 2309 743 2354 Qui
760 2322 849 2350 non
867 2308 1186 2350 moderabitur
1173 2321 1272 2358 irae,

161 2370 376 2412 Infectam
394 2371 508 2412 volet
525 2385 630 2423 oese,
649 2372 768 2414 dolor
785 2374 903 2427 quod
922 2374 1103 2414 suaserit
1120 2380 1164 2412 et
1180 2384 1316 2423 mens,
1389 2371 1449 2414 6⁰

162 2435 284 2478 Dum
299 2448 459 2490 poenas
476 2436 574 2478 odio
590 2438 665 2491 per
681 2439 772 2480 vim
790 2439 964 2480 festinat
981 2438 1130 2478 inulto.
