1650 2730
486 185 632 219 mm
663 154 754 220 rvs
796 187 836 221 ο.
869 189 937 223 1v.
1290 179 1384 228 119

209 287 384 339 Romae,
404 288 605 341 principis
624 289 806 342 urbium,

267 351 481 405 Dignatur
501 353 664 394 soboles
684 355 792 395 inter
811 355 1020 399 amabiles

209 415 368 456 Vatum
387 429 541 469 ponere
562 430 630 458 me
650 419 811 470 choros,
1332 424 1386 465 15

263 480 322 520 Et
335 482 427 534 jam
448 481 573 522 dente
593 483 738 524 minus
757 484 949 525 mordeor
967 485 1124 527 invido.

209 544 248 584 Ο
270 545 492 586 testudinis
513 559 667 587 aureae

265 609 450 650 Dulcem
469 623 581 662 quae
601 612 833 664 strepitum,
855 614 976 666 Pieri,
998 621 1217 670 temperas,

208 673 248 714 Ο
267 674 397 714 mutis
417 688 587 728 quoque
613 677 799 729 piscibus

263 738 483 779 Donatura
503 742 644 793 cycni,
667 742 703 782 si
723 742 861 794 libeat,
884 756 1049 796 sonum,
1330 746 1388 787 20

206 801 371 843 Totum
390 805 578 845 muneris
598 806 679 846 hoc
700 807 763 847 tui
783 815 857 859 est,

261 866 394 911 Quod
414 875 621 909 monstror
639 869 770 923 digito
789 873 1152 924 praetereuntium

206 929 428 971 Romanae
449 931 603 973 fidicen
625 934 767 986 lyrae:

262 994 395 1039 Quod
415 996 525 1049 spiro
544 1004 586 1038 et
604 999 764 1051 placeo,
786 1000 823 1041 si
841 1000 1000 1054 placeo,
1022 1008 1149 1042 tuum
1168 1008 1244 1042 est.

633 1200 790 1211 ——.

538 1364 777 1405 GARMEN
815 1367 893 1407 IV.

386 1491 465 1519 AD
514 1493 735 1523 URBEM
786 1497 1035 1533 ROMAM.

260 1605 450 1650 Qualem
469 1608 711 1651 ministrum
731 1610 924 1653 fulminis
943 1613 1099 1665 alitem,

261 1669 344 1710 Cui
363 1683 438 1711 rex
458 1672 634 1714 deorum
653 1688 831 1728 regnum
854 1677 899 1717 in
919 1691 1021 1718 aves
1040 1692 1177 1733 vagas

316 1735 522 1789 Permisit,
544 1746 743 1791 expertus
763 1740 936 1782 fidelem

370 1801 534 1854 Jupiter
553 1804 597 1844 in
618 1805 871 1859 Ganymede
892 1807 1018 1860 flavo,

261 1926 376 1968 Olim
391 1930 593 1982 juventas
613 1939 655 1972 et
674 1934 836 1987 patrius
855 1936 976 1988 vigor
1352 1941 1379 1981 5

260 1991 371 2031 Nido
391 1993 584 2036 laborum
603 1999 787 2050 propulit
805 2000 1001 2052 inscium,

316 2055 527 2110 vernique
541 2061 632 2114 jam
652 2063 808 2103 nimbis
828 2066 997 2106 remotis

371 2120 568 2164 Insolitos
589 2124 768 2167 docuere
787 2127 908 2168 nisus

262 2244 387 2285 Venti
407 2257 643 2304 paventem,
663 2267 766 2295 mox
786 2256 831 2296 in
850 2257 981 2298 ovilia

263 2307 444 2350 Demisit
462 2311 626 2356 hostem
644 2317 815 2360 vividus
834 2321 1030 2374 impetus,
1322 2323 1378 2364 10

535 2440 574 2473 G.
590 2443 634 2475 iv.
651 2445 681 2476 7.
704 2445 887 2486 vernisque.
