1612 2716
142 187 239 234 298
573 196 642 228 nn
678 196 806 228 ARTE
837 195 1055 229 Pomm.

196 301 382 344 Romani
402 300 550 341 tollent
569 301 733 353 equites
754 300 1003 353 peditesque
1023 300 1301 342 cachinnum.

198 368 390 410 Intererit
410 367 607 417 multum,
629 366 812 406 divusne
835 366 1033 419 loquatur
1053 379 1109 406 an
1130 367 1265 418 heros,

199 434 451 474 Maturusne
473 445 604 472 senex
626 445 682 471 an
703 432 846 472 adhuc
868 431 1041 472 florente
1059 433 1243 486 juventa.
1411 433 1497 474 115

199 498 421 549 Fervidus,
443 505 485 537 et
505 504 699 537 matrona
719 505 867 550 potens
888 511 945 537 an
966 495 1117 537 sedula
1137 497 1297 550 nutriX,

200 565 466 604 Mercator-ne
487 576 625 615 vagus
646 563 837 602 cultorne
859 563 1032 602 virentis
1054 563 1193 616 agelli,

200 630 388 670 Colchus
409 642 466 668 an
486 629 702 680 Assyrius,
725 629 890 668 Thebis
910 630 1096 668 nutritus
1117 641 1173 668 an
1193 629 1331 682 Argis.

200 697 289 736 Aut
308 695 471 735 famam
493 707 678 747 sequere,
701 703 778 734 aut
799 695 878 734 sibi
898 694 1196 734 convenientia
1218 694 1345 748 finge.

199 761 384 814 Scriptor
406 761 662 800 honoratum
683 759 718 799 si
738 759 842 799 forte
863 760 1031 812 reponis
1053 760 1278 813 Achillem,
1414 760 1496 801 120

200 827 394 879 Impiger,
417 825 661 877 iracundus,
684 825 968 876 inexorabilis,
990 838 1098 877 acer,

199 893 225 934 J
229 906 304 932 ura
326 898 450 945 neget
471 892 550 931 sibi
571 898 685 942 nata,
707 891 815 931 nihil
836 903 923 930 non
944 897 1108 944 arroget
1126 891 1269 934 armis.

200 959 264 999 Sit
286 957 441 999 Medea
461 957 579 997 ferox
601 957 857 1009 invictaque,
880 956 1033 996 flebilis
1054 957 1144 1008 Ino,

200 1023 396 1063 Perfidus
418 1023 554 1073 ixion,
576 1023 623 1062 Io
643 1035 767 1075 vaga,
791 1022 919 1061 tristis
940 1022 1123 1062 Orestes.

199 1089 245 1129 Si
266 1088 371 1140 quid
392 1088 662 1140 inexpertum
683 1100 835 1128 scenae
855 1087 1096 1138 committis,
1118 1093 1160 1127 et
1180 1086 1315 1128 audes
1413 1086 1495 1128 125

202 1154 433 1194 Personam
454 1152 633 1192 formare
654 1165 825 1204 novam,
848 1160 1037 1193 servetur
1056 1153 1113 1193 ad
1132 1153 1282 1205 imum,

200 1219 358 1264 Qualis
379 1219 434 1258 ab
455 1219 622 1271 incepto
641 1219 898 1271 processerit,
921 1226 962 1258 et
982 1219 1062 1259 sibi
1083 1225 1259 1259 constet.

203 1283 387 1323 Difficile
408 1290 472 1323 est
492 1284 655 1336 proprie
676 1284 924 1324 communia
945 1283 1106 1324 dicere:
1137 1290 1271 1337 tuque

200 1350 376 1391 Rectius
398 1350 580 1390 Iliacum
600 1362 774 1389 carmen
794 1349 971 1389 deducis
992 1350 1036 1389 in
1057 1356 1190 1400 actus,

200 1416 351 1459 Quam
373 1416 407 1454 si
430 1414 631 1467 proferres
653 1416 797 1467 ignota
818 1414 1061 1467 indictaque
1082 1415 1257 1467 primus.
1410 1412 1494 1454 130

202 1480 382 1520 Publica
403 1481 598 1520 materies
619 1480 772 1532 privati
787 1480 894 1533 juris
915 1481 1001 1531 erit,
1025 1480 1060 1519 si

180 1599 182 1601 Ι
202 1545 300 1585 Non
320 1546 432 1585 circa
453 1545 583 1584 vilem
604 1545 888 1597 patulumque
909 1545 1137 1585 moraberis
1156 1545 1313 1597 orbem,

202 1610 292 1650 Nec
317 1611 493 1650 verbum
515 1611 641 1650 verbo
662 1611 831 1650 curabis
852 1610 1024 1650 reddere
1046 1610 1160 1650 fidus
1197 1637 1199 1639 v

201 1676 422 1728 Imerpres,
446 1689 523 1715 nec
545 1675 713 1716 desilies
735 1676 919 1714 imitator
938 1675 982 1714 in
1003 1676 1165 1726 artum,⁸

202 1740 327 1780 Unde
350 1741 502 1792 pedem
522 1740 701 1792 proferre
722 1740 858 1792 pudor
878 1746 991 1779 vetet
1010 1747 1085 1779 aut
1106 1740 1242 1792 operis
1263 1740 1347 1781 lex.
1414 1741 1496 1782 135

202 1805 291 1845 Nec
313 1806 372 1844 sic
395 1804 582 1856 incipies,
607 1811 653 1844 ut
674 1805 847 1856 scriptor
867 1805 1059 1857 cyclicus
1080 1805 1206 1845 olim:

201 1871 439 1910 Fortunam
461 1869 620 1912 Priami
642 1870 825 1909 cantabo
846 1877 887 1909 et
908 1870 1048 1910 nobile
1068 1871 1241 1911 bellum.

201 1933 323 1980 Quid
343 1935 525 1987 dignum
545 1941 663 1975 tanto
684 1934 788 1974 feret
809 1935 878 1974 hic
898 1936 1124 1988 promissor
1144 1936 1299 1978 hiatu?

201 2000 448 2040 Parturiunt
468 2007 644 2052 montes,
667 2007 866 2040 nascetur
887 2000 1091 2041 ridiculus
1113 2014 1221 2042 mus.

201 2066 380 2110 Quanto
401 2066 555 2106 rectius
577 2066 658 2117 hic,
681 2066 755 2118 qui
776 2066 836 2105 nil
856 2066 1027 2106 molitur
1047 2067 1211 2120 inepte:
1413 2069 1496 2110 140

203 2130 320 2170 “Dic
341 2131 457 2182 mihi,
482 2132 622 2182 Musa,
645 2132 797 2182 virum,
819 2138 969 2184 captae
989 2139 1083 2185 post
1104 2139 1292 2186 tempora
1311 2133 1467 2189 Trojae

201 2195 293 2240 Qui
314 2208 450 2236 mores
471 2196 696 2236 hominum
717 2195 951 2237 multorum
972 2197 1078 2237 vidit
1097 2204 1139 2238 et
1159 2199 1320 2240 urbes.’'

202 2260 299 2302 Non
319 2260 490 2300 fumum
509 2274 564 2300 ex
586 2260 759 2314 fulgore,
782 2261 857 2301 sed
877 2275 931 2301 ex
953 2261 1073 2303 fumo
1093 2263 1193 2304 dare
1214 2263 1356 2305 lucem

202 2325 383 2378 Cogitat,
405 2331 454 2366 ut
473 2326 665 2379 speciosa
684 2326 840 2368 dehinc
860 2327 1069 2369 miracula
1087 2334 1263 2382 promat,

228 2477 301 2509 114.
325 2476 486 2510 Davusne.
576 2478 650 2516 119,
667 2478 740 2510 120.
765 2477 862 2519 finge,
877 2479 1029 2520 &apto-r.
1121 2462 1405 2515 warmatiam.
