<?xml version="1.0" encoding="UTF-8"?>
<!DOCTYPE html PUBLIC "-//W3C//DTD XHTML 1.0 Transitional//EN"
    "http://www.w3.org/TR/xhtml1/DTD/xhtml1-transitional.dtd">
<html xmlns="http://www.w3.org/1999/xhtml" xml:lang="en" lang="en">
 <head>
  <title>
</title>
<meta http-equiv="Content-Type" content="text/html;charset=utf-8" />
  <meta name='ocr-system' content='tesseract 3.04.00' />
  <meta name='ocr-capabilities' content='ocr_page ocr_carea ocr_par ocr_line ocrx_word'/>
</head>
<body>
  <div class='ocr_page' id='page_1' title='image "./workswithenglis00horauoft_0339.png"; bbox 0 0 1612 2716; ppageno 0'>
   <div class='ocr_carea' id='block_1_1' title="bbox 574 162 1485 225">
    <p class='ocr_par' dir='ltr' id='par_1_1' title="bbox 574 162 1485 225">
     <span class='ocr_line' id='line_1_1' title="bbox 574 162 1485 225; baseline -0.002 0"><span class='ocrx_word' id='word_1_1' title='bbox 574 191 644 225; x_wconf 74' lang='lat' dir='ltr'><strong>nr.</strong></span> <span class='ocrx_word' id='word_1_2' title='bbox 674 190 818 224; x_wconf 68' lang='lat' dir='ltr'><strong>Am·</strong></span> <span class='ocrx_word' id='word_1_3' title='bbox 834 189 1051 223; x_wconf 70' lang='lat' dir='ltr'><strong>Pomm.</strong></span> <span class='ocrx_word' id='word_1_4' title='bbox 1386 162 1485 224; x_wconf 68' lang='grc'><strong>295</strong></span> 
     </span>
    </p>
   </div>
   <div class='ocr_carea' id='block_1_2' title="bbox 196 292 1485 2352">
    <p class='ocr_par' dir='ltr' id='par_1_2' title="bbox 196 292 1484 600">
     <span class='ocr_line' id='line_1_2' title="bbox 200 292 1405 347; baseline -0.006 -6"><span class='ocrx_word' id='word_1_5' title='bbox 200 299 293 342; x_wconf 81' lang='lat' dir='ltr'><strong>Aut</strong></span> <span class='ocrx_word' id='word_1_6' title='bbox 309 297 472 340; x_wconf 86' lang='lat' dir='ltr'><strong>flumen</strong></span> <span class='ocrx_word' id='word_1_7' title='bbox 491 296 694 338; x_wconf 86' lang='lat' dir='ltr'><strong>Rhenum</strong></span> <span class='ocrx_word' id='word_1_8' title='bbox 713 301 790 335; x_wconf 88' lang='lat' dir='ltr'><strong>aut</strong></span> <span class='ocrx_word' id='word_1_9' title='bbox 808 293 982 347; x_wconf 82' lang='lat' dir='ltr'><strong>pluvius</strong></span> <span class='ocrx_word' id='word_1_10' title='bbox 1001 292 1251 333; x_wconf 84' lang='lat' dir='ltr'><strong>describitur</strong></span> <span class='ocrx_word' id='word_1_11' title='bbox 1268 304 1405 334; x_wconf 85' lang='lat' dir='ltr'><strong>arcus.</strong></span> 
     </span>
     <span class='ocr_line' id='line_1_3' title="bbox 196 357 1446 410; baseline -0.006 -5"><span class='ocrx_word' id='word_1_12' title='bbox 196 363 285 406; x_wconf 88' lang='lat' dir='ltr'><strong>Sed</strong></span> <span class='ocrx_word' id='word_1_13' title='bbox 304 375 421 404; x_wconf 90' lang='lat' dir='ltr'><strong>nunc</strong></span> <span class='ocrx_word' id='word_1_14' title='bbox 440 374 527 402; x_wconf 93' lang='lat' dir='ltr'><strong>non</strong></span> <span class='ocrx_word' id='word_1_15' title='bbox 545 368 635 401; x_wconf 87' lang='lat' dir='ltr'><strong>erat</strong></span> <span class='ocrx_word' id='word_1_16' title='bbox 654 360 721 400; x_wconf 89' lang='lat' dir='ltr'><strong>his</strong></span> <span class='ocrx_word' id='word_1_17' title='bbox 741 359 871 399; x_wconf 90' lang='lat' dir='ltr'><strong>locus.</strong></span> <span class='ocrx_word' id='word_1_18' title='bbox 921 357 980 398; x_wconf 84' lang='lat' dir='ltr'><strong>Et</strong></span> <span class='ocrx_word' id='word_1_19' title='bbox 999 358 1175 398; x_wconf 85' lang='lat' dir='ltr'><strong>fortasse</strong></span> <span class='ocrx_word' id='word_1_20' title='bbox 1195 369 1446 410; x_wconf 84' lang='lat' dir='ltr'><strong>cupressum</strong></span> 
     </span>
     <span class='ocr_line' id='line_1_4' title="bbox 197 422 1484 478; baseline -0.005 -9"><span class='ocrx_word' id='word_1_21' title='bbox 197 429 293 470; x_wconf 83' lang='lat' dir='ltr'><strong>Scis</strong></span> <span class='ocrx_word' id='word_1_22' title='bbox 312 427 525 476; x_wconf 86' lang='lat' dir='ltr'><strong>simulare,</strong></span> <span class='ocrx_word' id='word_1_23' title='bbox 546 425 650 478; x_wconf 92' lang='lat' dir='ltr'><strong>quid</strong></span> <span class='ocrx_word' id='word_1_24' title='bbox 670 425 763 474; x_wconf 90' lang='lat' dir='ltr'><strong>hoc,</strong></span> <span class='ocrx_word' id='word_1_25' title='bbox 784 424 821 463; x_wconf 91' lang='lat' dir='ltr'><strong>si</strong></span> <span class='ocrx_word' id='word_1_26' title='bbox 840 423 983 464; x_wconf 89' lang='lat' dir='ltr'><strong>fractis</strong></span> <span class='ocrx_word' id='word_1_27' title='bbox 1004 430 1151 463; x_wconf 84' lang='lat' dir='ltr'><strong>enatat</strong></span> <span class='ocrx_word' id='word_1_28' title='bbox 1170 435 1324 475; x_wconf 82' lang='lat' dir='ltr'><strong>exspes</strong></span> <span class='ocrx_word' id='word_1_29' title='bbox 1427 422 1484 463; x_wconf 83' lang='lat'><strong>20</strong></span> 
     </span>
     <span class='ocr_line' id='line_1_5' title="bbox 200 488 1410 543; baseline -0.007 -8"><span class='ocrx_word' id='word_1_30' title='bbox 200 494 409 543; x_wconf 84' lang='lat' dir='ltr'><strong>Navibus,</strong></span> <span class='ocrx_word' id='word_1_31' title='bbox 430 504 525 532; x_wconf 90' lang='lat' dir='ltr'><strong>aere</strong></span> <span class='ocrx_word' id='word_1_32' title='bbox 545 490 647 530; x_wconf 90' lang='lat' dir='ltr'><strong>dato</strong></span> <span class='ocrx_word' id='word_1_33' title='bbox 667 490 742 542; x_wconf 90' lang='lat' dir='ltr'><strong>qui</strong></span> <span class='ocrx_word' id='word_1_34' title='bbox 761 488 980 542; x_wconf 74' lang='lat' dir='ltr'>pingitur?</span> <span class='ocrx_word' id='word_1_35' title='bbox 1036 488 1256 541; x_wconf 87' lang='lat' dir='ltr'>Amphora</span> <span class='ocrx_word' id='word_1_36' title='bbox 1274 488 1410 542; x_wconf 87' lang='lat' dir='ltr'><strong>coepit</strong></span> 
     </span>
     <span class='ocr_line' id='line_1_6' title="bbox 199 553 1143 600; baseline -0.007 -1"><span class='ocrx_word' id='word_1_37' title='bbox 199 558 370 600; x_wconf 90' lang='lat' dir='ltr'><strong>Institui</strong></span> <span class='ocrx_word' id='word_1_38' title='bbox 387 571 397 597; x_wconf 70' lang='grc' dir='ltr'><em>ι</em></span> <span class='ocrx_word' id='word_1_39' title='bbox 427 562 619 596; x_wconf 85' lang='lat' dir='ltr'><strong>currente</strong></span> <span class='ocrx_word' id='word_1_40' title='bbox 640 561 730 594; x_wconf 88' lang='lat' dir='ltr'><strong>rota</strong></span> <span class='ocrx_word' id='word_1_41' title='bbox 748 567 825 594; x_wconf 87' lang='lat' dir='ltr'><strong>cur</strong></span> <span class='ocrx_word' id='word_1_42' title='bbox 845 566 999 594; x_wconf 93' lang='lat' dir='ltr'><strong>urceus</strong></span> <span class='ocrx_word' id='word_1_43' title='bbox 1018 553 1106 593; x_wconf 87' lang='lat' dir='ltr'><strong>exit</strong></span> <span class='ocrx_word' id='word_1_44' title='bbox 1123 553 1143 593; x_wconf 68' lang='grc' dir='ltr'><strong>’.ἱ</strong></span> 
     </span>
    </p>

    <p class='ocr_par' dir='ltr' id='par_1_3' title="bbox 196 610 1482 867">
     <span class='ocr_line' id='line_1_7' title="bbox 199 610 1325 675; baseline -0.006 -10"><span class='ocrx_word' id='word_1_45' title='bbox 199 624 395 675; x_wconf 90' lang='lat' dir='ltr'><strong>Denique</strong></span> <span class='ocrx_word' id='word_1_46' title='bbox 415 621 469 662; x_wconf 86' lang='lat' dir='ltr'><strong>sit</strong></span> <span class='ocrx_word' id='word_1_47' title='bbox 488 619 659 673; x_wconf 88' lang='lat' dir='ltr'><strong>quidvis</strong></span> <span class='ocrx_word' id='word_1_48' title='bbox 680 618 861 672; x_wconf 83' lang='lat' dir='ltr'><strong>simplex</strong></span> <span class='ocrx_word' id='word_1_49' title='bbox 882 618 1095 658; x_wconf 81' lang='lat' dir='ltr'><strong>duntaxat</strong></span> <span class='ocrx_word' id='word_1_50' title='bbox 1114 610 1325 659; x_wconf 59' lang='lat' dir='ltr'><strong>et‘unum.</strong></span> 
     </span>
     <span class='ocr_line' id='line_1_8' title="bbox 198 682 1374 739; baseline -0.006 -9"><span class='ocrx_word' id='word_1_51' title='bbox 198 689 393 730; x_wconf 84' lang='lat' dir='ltr'><strong>Maxima</strong></span> <span class='ocrx_word' id='word_1_52' title='bbox 412 699 509 739; x_wconf 88' lang='lat' dir='ltr'><strong>pars</strong></span> <span class='ocrx_word' id='word_1_53' title='bbox 528 692 692 735; x_wconf 88' lang='lat' dir='ltr'><strong>vatum,</strong></span> <span class='ocrx_word' id='word_1_54' title='bbox 713 691 831 737; x_wconf 87' lang='lat' dir='ltr'><strong>pater</strong></span> <span class='ocrx_word' id='word_1_55' title='bbox 849 691 890 723; x_wconf 91' lang='lat' dir='ltr'><strong>et</strong></span> <span class='ocrx_word' id='word_1_56' title='bbox 903 684 1085 738; x_wconf 85' lang='lat' dir='ltr'><strong>juvenes</strong></span> <span class='ocrx_word' id='word_1_57' title='bbox 1106 690 1223 737; x_wconf 89' lang='lat' dir='ltr'><strong>patre</strong></span> <span class='ocrx_word' id='word_1_58' title='bbox 1244 682 1374 737; x_wconf 86' lang='lat' dir='ltr'><strong>digni,</strong></span> 
     </span>
     <span class='ocr_line' id='line_1_9' title="bbox 196 746 1482 805; baseline -0.005 -11"><span class='ocrx_word' id='word_1_59' title='bbox 196 752 445 805; x_wconf 84' lang='lat' dir='ltr'><strong>Decipimur</strong></span> <span class='ocrx_word' id='word_1_60' title='bbox 464 750 601 803; x_wconf 85' lang='lat' dir='ltr'><strong>specie</strong></span> <span class='ocrx_word' id='word_1_61' title='bbox 621 749 733 789; x_wconf 90' lang='lat' dir='ltr'><strong>recti.</strong></span> <span class='ocrx_word' id='word_1_62' title='bbox 791 748 939 788; x_wconf 82' lang='lat' dir='ltr'><strong>Brevis</strong></span> <span class='ocrx_word' id='word_1_63' title='bbox 959 761 1051 788; x_wconf 90' lang='lat' dir='ltr'><strong>esse</strong></span> <span class='ocrx_word' id='word_1_64' title='bbox 1071 748 1223 799; x_wconf 90' lang='lat' dir='ltr'><strong>laboro,</strong></span> <span class='ocrx_word' id='word_1_65' title='bbox 1426 746 1482 787; x_wconf 82' lang='lat'><strong>25</strong></span> 
     </span>
     <span class='ocr_line' id='line_1_10' title="bbox 196 813 1055 867; baseline -0.008 -8"><span class='ocrx_word' id='word_1_66' title='bbox 196 817 417 859; x_wconf 85' lang='lat' dir='ltr'><strong>Obscurus</strong></span> <span class='ocrx_word' id='word_1_67' title='bbox 437 815 518 867; x_wconf 89' lang='lat' dir='ltr'><strong>fio;</strong></span> <span class='ocrx_word' id='word_1_68' title='bbox 549 820 783 854; x_wconf 85' lang='lat' dir='ltr'><strong>sectantem</strong></span> <span class='ocrx_word' id='word_1_69' title='bbox 803 813 915 853; x_wconf 85' lang='lat' dir='ltr'><strong>levia</strong></span> <span class='ocrx_word' id='word_1_70' title='bbox 935 813 1055 853; x_wconf 84' lang='lat' dir='ltr'><strong>nervi</strong></span> 
     </span>
    </p>

    <p class='ocr_par' dir='ltr' id='par_1_4' title="bbox 196 877 1306 932">
     <span class='ocr_line' id='line_1_11' title="bbox 196 877 1306 932; baseline -0.006 -8"><span class='ocrx_word' id='word_1_71' title='bbox 196 881 417 924; x_wconf 89' lang='lat' dir='ltr'><strong>Deficiunt</strong></span> <span class='ocrx_word' id='word_1_72' title='bbox 435 880 678 932; x_wconf 82' lang='lat' dir='ltr'><strong>animique3</strong></span> <span class='ocrx_word' id='word_1_73' title='bbox 710 878 923 932; x_wconf 85' lang='lat' dir='ltr'><strong>professus</strong></span> <span class='ocrx_word' id='word_1_74' title='bbox 942 877 1121 931; x_wconf 85' lang='lat' dir='ltr'><strong>grandia</strong></span> <span class='ocrx_word' id='word_1_75' title='bbox 1140 884 1279 931; x_wconf 85' lang='lat' dir='ltr'><strong>turget</strong></span> <span class='ocrx_word' id='word_1_76' title='bbox 1295 890 1306 931; x_wconf 89' lang='lat'>;</span> 
     </span>
    </p>

    <p class='ocr_par' dir='ltr' id='par_1_5' title="bbox 196 942 1336 1000">
     <span class='ocr_line' id='line_1_12' title="bbox 196 942 1336 1000; baseline -0.004 -12"><span class='ocrx_word' id='word_1_77' title='bbox 196 947 336 1000; x_wconf 85' lang='lat' dir='ltr'><strong>Serpit</strong></span> <span class='ocrx_word' id='word_1_78' title='bbox 353 945 477 986; x_wconf 90' lang='lat' dir='ltr'><strong>humi</strong></span> <span class='ocrx_word' id='word_1_79' title='bbox 496 951 614 985; x_wconf 90' lang='lat' dir='ltr'><strong>tutus</strong></span> <span class='ocrx_word' id='word_1_80' title='bbox 634 944 817 984; x_wconf 90' lang='lat' dir='ltr'><strong>nimium</strong></span> <span class='ocrx_word' id='word_1_81' title='bbox 836 942 1098 995; x_wconf 90' lang='lat' dir='ltr'><strong>timidusque</strong></span> <span class='ocrx_word' id='word_1_82' title='bbox 1118 943 1336 996; x_wconf 81' lang='lat' dir='ltr'><strong>procellae.</strong></span> 
     </span>
    </p>

    <p class='ocr_par' dir='ltr' id='par_1_6' title="bbox 196 1007 1183 1062">
     <span class='ocr_line' id='line_1_13' title="bbox 196 1007 1183 1062; baseline -0.003 -11"><span class='ocrx_word' id='word_1_83' title='bbox 196 1011 291 1056; x_wconf 74' lang='lat' dir='ltr'><strong>Qui</strong></span> <span class='ocrx_word' id='word_1_84' title='bbox 308 1011 470 1050; x_wconf 84' lang='lat' dir='ltr'><strong>variare</strong></span> <span class='ocrx_word' id='word_1_85' title='bbox 490 1010 607 1062; x_wconf 92' lang='lat' dir='ltr'><strong>cupit</strong></span> <span class='ocrx_word' id='word_1_86' title='bbox 624 1022 714 1049; x_wconf 89' lang='lat' dir='ltr'><strong>rem</strong></span> <span class='ocrx_word' id='word_1_87' title='bbox 733 1007 1019 1062; x_wconf 76' lang='lat' dir='ltr'><strong>prodigialiter</strong></span> <span class='ocrx_word' id='word_1_88' title='bbox 1038 1021 1183 1059; x_wconf 90' lang='lat' dir='ltr'><strong>unam,</strong></span> 
     </span>
    </p>

    <p class='ocr_par' dir='ltr' id='par_1_7' title="bbox 197 1071 1483 1190">
     <span class='ocr_line' id='line_1_14' title="bbox 199 1071 1483 1128; baseline -0.003 -12"><span class='ocrx_word' id='word_1_89' title='bbox 199 1075 468 1128; x_wconf 87' lang='lat' dir='ltr'><strong>Delphinum</strong></span> <span class='ocrx_word' id='word_1_90' title='bbox 487 1074 607 1113; x_wconf 88' lang='lat' dir='ltr'><strong>silvis</strong></span> <span class='ocrx_word' id='word_1_91' title='bbox 627 1074 831 1126; x_wconf 77' lang='lat' dir='ltr'><strong>appingit,</strong></span> <span class='ocrx_word' id='word_1_92' title='bbox 853 1073 1056 1113; x_wconf 89' lang='lat' dir='ltr'><strong>fluctibus</strong></span> <span class='ocrx_word' id='word_1_93' title='bbox 1077 1085 1240 1124; x_wconf 86' lang='lat' dir='ltr'><strong>aprum.</strong></span> <span class='ocrx_word' id='word_1_94' title='bbox 1426 1071 1483 1112; x_wconf 90' lang='grc'><strong>30</strong></span> 
     </span>
     <span class='ocr_line' id='line_1_15' title="bbox 197 1137 1177 1190; baseline -0.006 -9"><span class='ocrx_word' id='word_1_95' title='bbox 197 1140 251 1181; x_wconf 89' lang='lat' dir='ltr'><strong>In</strong></span> <span class='ocrx_word' id='word_1_96' title='bbox 269 1139 424 1179; x_wconf 84' lang='lat' dir='ltr'><strong>vitium</strong></span> <span class='ocrx_word' id='word_1_97' title='bbox 443 1138 561 1178; x_wconf 89' lang='lat' dir='ltr'><strong>ducit</strong></span> <span class='ocrx_word' id='word_1_98' title='bbox 579 1138 731 1190; x_wconf 89' lang='lat' dir='ltr'><strong>culpae</strong></span> <span class='ocrx_word' id='word_1_99' title='bbox 750 1137 866 1190; x_wconf 83' lang='lat' dir='ltr'><strong>fuga,</strong></span> <span class='ocrx_word' id='word_1_100' title='bbox 887 1137 923 1176; x_wconf 92' lang='lat' dir='ltr'><strong>si</strong></span> <span class='ocrx_word' id='word_1_101' title='bbox 942 1143 1058 1176; x_wconf 89' lang='lat' dir='ltr'><strong>caret</strong></span> <span class='ocrx_word' id='word_1_102' title='bbox 1077 1143 1177 1175; x_wconf 88' lang='lat' dir='ltr'><strong>arte.</strong></span> 
     </span>
    </p>

    <p class='ocr_par' dir='ltr' id='par_1_8' title="bbox 197 1201 1267 1322">
     <span class='ocr_line' id='line_1_16' title="bbox 197 1201 1267 1252; baseline -0.005 -7"><span class='ocrx_word' id='word_1_103' title='bbox 197 1204 432 1245; x_wconf 87' lang='lat' dir='ltr'><strong>Aemilium</strong></span> <span class='ocrx_word' id='word_1_104' title='bbox 449 1203 562 1242; x_wconf 86' lang='lat' dir='ltr'><strong>circa</strong></span> <span class='ocrx_word' id='word_1_105' title='bbox 582 1202 733 1241; x_wconf 91' lang='lat' dir='ltr'><strong>ludum</strong></span> <span class='ocrx_word' id='word_1_106' title='bbox 753 1201 881 1252; x_wconf 89' lang='lat' dir='ltr'><strong>faber,</strong></span> <span class='ocrx_word' id='word_1_107' title='bbox 903 1214 1018 1241; x_wconf 90' lang='lat' dir='ltr'><strong>unus</strong></span> <span class='ocrx_word' id='word_1_108' title='bbox 1038 1207 1079 1240; x_wconf 93' lang='lat' dir='ltr'><strong>et</strong></span> <span class='ocrx_word' id='word_1_109' title='bbox 1099 1213 1267 1252; x_wconf 89' lang='lat' dir='ltr'><strong>ungues</strong></span> 
     </span>
     <span class='ocr_line' id='line_1_17' title="bbox 197 1265 1225 1322; baseline -0.006 -12"><span class='ocrx_word' id='word_1_110' title='bbox 197 1269 423 1322; x_wconf 85' lang='lat' dir='ltr'><strong>Exprimet</strong></span> <span class='ocrx_word' id='word_1_111' title='bbox 441 1274 483 1307; x_wconf 90' lang='lat' dir='ltr'><strong>et</strong></span> <span class='ocrx_word' id='word_1_112' title='bbox 502 1267 650 1306; x_wconf 92' lang='lat' dir='ltr'><strong>molles</strong></span> <span class='ocrx_word' id='word_1_113' title='bbox 671 1266 904 1306; x_wconf 88' lang='lat' dir='ltr'><strong>imitabitur</strong></span> <span class='ocrx_word' id='word_1_114' title='bbox 923 1279 1018 1305; x_wconf 89' lang='lat' dir='ltr'><strong>aere</strong></span> <span class='ocrx_word' id='word_1_115' title='bbox 1038 1265 1225 1317; x_wconf 88' lang='lat' dir='ltr'><strong>capillos,</strong></span> 
     </span>
    </p>

    <p class='ocr_par' dir='ltr' id='par_1_9' title="bbox 198 1331 1163 1385">
     <span class='ocr_line' id='line_1_18' title="bbox 198 1331 1163 1385; baseline -0.006 -10"><span class='ocrx_word' id='word_1_116' title='bbox 198 1334 354 1375; x_wconf 85' lang='lat' dir='ltr'><strong>Infelix</strong></span> <span class='ocrx_word' id='word_1_117' title='bbox 373 1332 509 1385; x_wconf 88' lang='lat' dir='ltr'><strong>operis</strong></span> <span class='ocrx_word' id='word_1_118' title='bbox 528 1344 710 1382; x_wconf 90' lang='lat' dir='ltr'><strong>summa,</strong></span> <span class='ocrx_word' id='word_1_119' title='bbox 731 1331 835 1383; x_wconf 89' lang='lat' dir='ltr'><strong>quia</strong></span> <span class='ocrx_word' id='word_1_120' title='bbox 854 1343 1006 1382; x_wconf 89' lang='lat' dir='ltr'><strong>ponere</strong></span> <span class='ocrx_word' id='word_1_121' title='bbox 1026 1336 1163 1369; x_wconf 90' lang='lat' dir='ltr'><strong>totum</strong></span> 
     </span>
    </p>

    <p class='ocr_par' dir='ltr' id='par_1_10' title="bbox 197 1393 1483 1582">
     <span class='ocr_line' id='line_1_19' title="bbox 199 1393 1483 1449; baseline -0.005 -10"><span class='ocrx_word' id='word_1_122' title='bbox 199 1399 398 1440; x_wconf 84' lang='lat' dir='ltr'><strong>Nesciet:</strong></span> <span class='ocrx_word' id='word_1_123' title='bbox 428 1397 546 1437; x_wconf 92' lang='lat' dir='ltr'><strong>hunc</strong></span> <span class='ocrx_word' id='word_1_124' title='bbox 566 1409 645 1449; x_wconf 89' lang='lat' dir='ltr'><strong>ego</strong></span> <span class='ocrx_word' id='word_1_125' title='bbox 664 1409 744 1446; x_wconf 91' lang='lat' dir='ltr'><strong>me,</strong></span> <span class='ocrx_word' id='word_1_126' title='bbox 766 1396 801 1434; x_wconf 92' lang='lat' dir='ltr'><strong>si</strong></span> <span class='ocrx_word' id='word_1_127' title='bbox 821 1394 926 1447; x_wconf 89' lang='lat' dir='ltr'><strong>quid</strong></span> <span class='ocrx_word' id='word_1_128' title='bbox 945 1407 1194 1447; x_wconf 90' lang='lat' dir='ltr'><strong>componere</strong></span> <span class='ocrx_word' id='word_1_129' title='bbox 1213 1406 1370 1445; x_wconf 88' lang='lat' dir='ltr'><strong>curem,</strong></span> <span class='ocrx_word' id='word_1_130' title='bbox 1426 1393 1483 1434; x_wconf 84' lang='lat'><strong>35</strong></span> 
     </span>
     <span class='ocr_line' id='line_1_20' title="bbox 198 1460 1319 1515; baseline -0.006 -10"><span class='ocrx_word' id='word_1_131' title='bbox 198 1464 298 1506; x_wconf 89' lang='lat' dir='ltr'><strong>Non</strong></span> <span class='ocrx_word' id='word_1_132' title='bbox 317 1463 456 1515; x_wconf 89' lang='lat' dir='ltr'><strong>magis</strong></span> <span class='ocrx_word' id='word_1_133' title='bbox 475 1474 567 1501; x_wconf 88' lang='lat' dir='ltr'><strong>esse</strong></span> <span class='ocrx_word' id='word_1_134' title='bbox 587 1461 728 1511; x_wconf 87' lang='lat' dir='ltr'><strong>velim,</strong></span> <span class='ocrx_word' id='word_1_135' title='bbox 749 1473 882 1512; x_wconf 90' lang='lat' dir='ltr'><strong>quam</strong></span> <span class='ocrx_word' id='word_1_136' title='bbox 902 1472 1032 1512; x_wconf 86' lang='lat' dir='ltr'><strong>pravo</strong></span> <span class='ocrx_word' id='word_1_137' title='bbox 1051 1460 1193 1499; x_wconf 83' lang='lat' dir='ltr'><strong>vivere</strong></span> <span class='ocrx_word' id='word_1_138' title='bbox 1214 1471 1319 1499; x_wconf 90' lang='lat' dir='ltr'><strong>naso</strong></span> 
     </span>
     <span class='ocr_line' id='line_1_21' title="bbox 197 1524 1211 1582; baseline -0.007 -12"><span class='ocrx_word' id='word_1_139' title='bbox 197 1527 490 1582; x_wconf 82' lang='lat' dir='ltr'><strong>Spectandum</strong></span> <span class='ocrx_word' id='word_1_140' title='bbox 510 1527 643 1579; x_wconf 87' lang='lat' dir='ltr'><strong>nigris</strong></span> <span class='ocrx_word' id='word_1_141' title='bbox 662 1525 800 1565; x_wconf 88' lang='lat' dir='ltr'><strong>oculis</strong></span> <span class='ocrx_word' id='word_1_142' title='bbox 821 1526 1024 1578; x_wconf 89' lang='lat' dir='ltr'><strong>nigroque</strong></span> <span class='ocrx_word' id='word_1_143' title='bbox 1044 1524 1211 1577; x_wconf 88' lang='lat' dir='ltr'><strong>capillo.</strong></span> 
     </span>
    </p>

    <p class='ocr_par' dir='ltr' id='par_1_11' title="bbox 196 1590 1301 1710">
     <span class='ocr_line' id='line_1_22' title="bbox 196 1590 1301 1642; baseline -0.006 -7"><span class='ocrx_word' id='word_1_144' title='bbox 196 1594 363 1635; x_wconf 86' lang='lat' dir='ltr'><strong>Sumite</strong></span> <span class='ocrx_word' id='word_1_145' title='bbox 382 1592 604 1632; x_wconf 85' lang='lat' dir='ltr'><strong>materiam</strong></span> <span class='ocrx_word' id='word_1_146' title='bbox 624 1591 784 1641; x_wconf 87' lang='lat' dir='ltr'><strong>vestris,</strong></span> <span class='ocrx_word' id='word_1_147' title='bbox 805 1590 880 1642; x_wconf 91' lang='lat' dir='ltr'><strong>qui</strong></span> <span class='ocrx_word' id='word_1_148' title='bbox 901 1590 1091 1639; x_wconf 85' lang='lat' dir='ltr'><strong>scribitis,</strong></span> <span class='ocrx_word' id='word_1_149' title='bbox 1114 1601 1301 1641; x_wconf 89' lang='lat' dir='ltr'><strong>aequam</strong></span> 
     </span>
     <span class='ocr_line' id='line_1_23' title="bbox 196 1655 1205 1710; baseline -0.007 -10"><span class='ocrx_word' id='word_1_150' title='bbox 196 1659 379 1710; x_wconf 85' lang='lat' dir='ltr'><strong>Viribus,</strong></span> <span class='ocrx_word' id='word_1_151' title='bbox 399 1665 442 1698; x_wconf 90' lang='lat' dir='ltr'><strong>et</strong></span> <span class='ocrx_word' id='word_1_152' title='bbox 459 1663 625 1697; x_wconf 86' lang='lat' dir='ltr'><strong>versate</strong></span> <span class='ocrx_word' id='word_1_153' title='bbox 645 1657 732 1707; x_wconf 92' lang='lat' dir='ltr'><strong>diu,</strong></span> <span class='ocrx_word' id='word_1_154' title='bbox 753 1655 857 1708; x_wconf 91' lang='lat' dir='ltr'><strong>quid</strong></span> <span class='ocrx_word' id='word_1_155' title='bbox 878 1655 982 1695; x_wconf 86' lang='lat' dir='ltr'><strong>ferre</strong></span> <span class='ocrx_word' id='word_1_156' title='bbox 998 1661 1205 1705; x_wconf 81' lang='lat' dir='ltr'><strong>recusent,</strong></span> 
     </span>
    </p>

    <p class='ocr_par' dir='ltr' id='par_1_12' title="bbox 196 1716 1485 1836">
     <span class='ocr_line' id='line_1_24' title="bbox 196 1716 1485 1771; baseline -0.005 -7"><span class='ocrx_word' id='word_1_157' title='bbox 196 1722 320 1768; x_wconf 82' lang='lat' dir='ltr'><strong>Quid</strong></span> <span class='ocrx_word' id='word_1_158' title='bbox 339 1722 511 1763; x_wconf 85' lang='lat' dir='ltr'><strong>valeant</strong></span> <span class='ocrx_word' id='word_1_159' title='bbox 529 1721 708 1761; x_wconf 91' lang='lat' dir='ltr'><strong>humeri.</strong></span> <span class='ocrx_word' id='word_1_160' title='bbox 767 1721 850 1761; x_wconf 88' lang='lat' dir='ltr'><strong>Cui</strong></span> <span class='ocrx_word' id='word_1_161' title='bbox 870 1720 980 1759; x_wconf 88' lang='lat' dir='ltr'><strong>lecta</strong></span> <span class='ocrx_word' id='word_1_162' title='bbox 999 1725 1188 1771; x_wconf 92' lang='lat' dir='ltr'><strong>potenter</strong></span> <span class='ocrx_word' id='word_1_163' title='bbox 1206 1718 1284 1758; x_wconf 87' lang='lat' dir='ltr'><strong>erit</strong></span> <span class='ocrx_word' id='word_1_164' title='bbox 1301 1730 1379 1769; x_wconf 88' lang='lat' dir='ltr'><strong>res,</strong></span> <span class='ocrx_word' id='word_1_165' title='bbox 1425 1716 1485 1758; x_wconf 88' lang='grc'><strong>40</strong></span> 
     </span>
     <span class='ocr_line' id='line_1_25' title="bbox 198 1783 1261 1836; baseline -0.006 -8"><span class='ocrx_word' id='word_1_166' title='bbox 198 1788 289 1828; x_wconf 88' lang='lat' dir='ltr'><strong>Nec</strong></span> <span class='ocrx_word' id='word_1_167' title='bbox 308 1786 511 1827; x_wconf 86' lang='lat' dir='ltr'><strong>facundia</strong></span> <span class='ocrx_word' id='word_1_168' title='bbox 530 1786 692 1826; x_wconf 87' lang='lat' dir='ltr'><strong>deseret</strong></span> <span class='ocrx_word' id='word_1_169' title='bbox 710 1786 840 1836; x_wconf 91' lang='lat' dir='ltr'><strong>hunc,</strong></span> <span class='ocrx_word' id='word_1_170' title='bbox 860 1798 939 1825; x_wconf 86' lang='lat' dir='ltr'><strong>nec</strong></span> <span class='ocrx_word' id='word_1_171' title='bbox 959 1783 1129 1824; x_wconf 91' lang='lat' dir='ltr'><strong>lucidus</strong></span> <span class='ocrx_word' id='word_1_172' title='bbox 1149 1783 1261 1823; x_wconf 77' lang='lat' dir='ltr'><strong>ordo,</strong></span> 
     </span>
    </p>

    <p class='ocr_par' dir='ltr' id='par_1_13' title="bbox 199 1840 1326 1901">
     <span class='ocr_line' id='line_1_26' title="bbox 199 1840 1326 1901; baseline -0.004 -10"><span class='ocrx_word' id='word_1_173' title='bbox 199 1851 371 1892; x_wconf 85' lang='lat' dir='ltr'><strong>Ordinis</strong></span> <span class='ocrx_word' id='word_1_174' title='bbox 389 1851 498 1891; x_wconf 85' lang='lat' dir='ltr'><strong>haec</strong></span> <span class='ocrx_word' id='word_1_175' title='bbox 515 1840 746 1891; x_wconf 35' lang='lat' dir='ltr'><strong>virtus‘erit</strong></span> <span class='ocrx_word' id='word_1_176' title='bbox 763 1857 806 1890; x_wconf 90' lang='lat' dir='ltr'><strong>et</strong></span> <span class='ocrx_word' id='word_1_177' title='bbox 825 1850 982 1900; x_wconf 84' lang='lat' dir='ltr'><strong>Venus,</strong></span> <span class='ocrx_word' id='word_1_178' title='bbox 1002 1855 1078 1888; x_wconf 91' lang='lat' dir='ltr'><strong>aut</strong></span> <span class='ocrx_word' id='word_1_179' title='bbox 1097 1861 1175 1901; x_wconf 90' lang='lat' dir='ltr'><strong>ego</strong></span> <span class='ocrx_word' id='word_1_180' title='bbox 1194 1847 1326 1900; x_wconf 88' lang='lat' dir='ltr'><strong>fallor,</strong></span> 
     </span>
    </p>

    <p class='ocr_par' dir='ltr' id='par_1_14' title="bbox 198 1913 1204 1968">
     <span class='ocr_line' id='line_1_27' title="bbox 198 1913 1204 1968; baseline -0.003 -13"><span class='ocrx_word' id='word_1_181' title='bbox 198 1915 259 1956; x_wconf 91' lang='lat' dir='ltr'><strong>Ut</strong></span> <span class='ocrx_word' id='word_1_182' title='bbox 273 1917 364 1968; x_wconf 87' lang='lat' dir='ltr'><strong>jam</strong></span> <span class='ocrx_word' id='word_1_183' title='bbox 382 1927 500 1955; x_wconf 91' lang='lat' dir='ltr'><strong>nunc</strong></span> <span class='ocrx_word' id='word_1_184' title='bbox 519 1914 632 1954; x_wconf 90' lang='lat' dir='ltr'><strong>dicat</strong></span> <span class='ocrx_word' id='word_1_185' title='bbox 645 1916 736 1967; x_wconf 90' lang='lat' dir='ltr'><strong>jam</strong></span> <span class='ocrx_word' id='word_1_186' title='bbox 754 1927 871 1954; x_wconf 92' lang='lat' dir='ltr'><strong>nunc</strong></span> <span class='ocrx_word' id='word_1_187' title='bbox 892 1913 1090 1954; x_wconf 89' lang='lat' dir='ltr'><strong>debentia</strong></span> <span class='ocrx_word' id='word_1_188' title='bbox 1109 1913 1204 1963; x_wconf 91' lang='lat' dir='ltr'><strong>dici,</strong></span> 
     </span>
    </p>

    <p class='ocr_par' dir='ltr' id='par_1_15' title="bbox 201 1976 1334 2032">
     <span class='ocr_line' id='line_1_28' title="bbox 201 1976 1334 2032; baseline -0.004 -11"><span class='ocrx_word' id='word_1_189' title='bbox 201 1980 409 2032; x_wconf 90' lang='lat' dir='ltr'><strong>Pleraque</strong></span> <span class='ocrx_word' id='word_1_190' title='bbox 429 1978 595 2019; x_wconf 88' lang='lat' dir='ltr'><strong>differat</strong></span> <span class='ocrx_word' id='word_1_191' title='bbox 612 1985 653 2018; x_wconf 90' lang='lat' dir='ltr'><strong>et</strong></span> <span class='ocrx_word' id='word_1_192' title='bbox 672 1991 870 2031; x_wconf 89' lang='lat' dir='ltr'><strong>praesens</strong></span> <span class='ocrx_word' id='word_1_193' title='bbox 890 1979 935 2018; x_wconf 91' lang='lat' dir='ltr'><strong>in</strong></span> <span class='ocrx_word' id='word_1_194' title='bbox 954 1984 1122 2030; x_wconf 90' lang='lat' dir='ltr'><strong>tempus</strong></span> <span class='ocrx_word' id='word_1_195' title='bbox 1142 1976 1334 2030; x_wconf 88' lang='lat' dir='ltr'><strong>omittat;</strong></span> 
     </span>
    </p>

    <p class='ocr_par' dir='ltr' id='par_1_16' title="bbox 202 2041 1484 2159">
     <span class='ocr_line' id='line_1_29' title="bbox 202 2041 1484 2096; baseline -0.002 -11"><span class='ocrx_word' id='word_1_196' title='bbox 202 2045 296 2086; x_wconf 87' lang='lat' dir='ltr'><strong>Hoc</strong></span> <span class='ocrx_word' id='word_1_197' title='bbox 315 2050 439 2095; x_wconf 88' lang='lat' dir='ltr'><strong>amet,</strong></span> <span class='ocrx_word' id='word_1_198' title='bbox 459 2043 541 2084; x_wconf 93' lang='lat' dir='ltr'><strong>hoc</strong></span> <span class='ocrx_word' id='word_1_199' title='bbox 561 2049 731 2096; x_wconf 87' lang='lat' dir='ltr'><strong>spernat</strong></span> <span class='ocrx_word' id='word_1_200' title='bbox 750 2042 943 2095; x_wconf 90' lang='lat' dir='ltr'><strong>promissi</strong></span> <span class='ocrx_word' id='word_1_201' title='bbox 962 2041 1164 2081; x_wconf 87' lang='lat' dir='ltr'><strong>carminis</strong></span> <span class='ocrx_word' id='word_1_202' title='bbox 1183 2048 1341 2083; x_wconf 83' lang='lat' dir='ltr'><strong>auctor.</strong></span> <span class='ocrx_word' id='word_1_203' title='bbox 1427 2041 1484 2083; x_wconf 73' lang='lat'><strong>45</strong></span> 
     </span>
     <span class='ocr_line' id='line_1_30' title="bbox 202 2105 1198 2159; baseline -0.004 -10"><span class='ocrx_word' id='word_1_204' title='bbox 202 2110 255 2150; x_wconf 91' lang='lat' dir='ltr'><strong>In</strong></span> <span class='ocrx_word' id='word_1_205' title='bbox 275 2109 413 2149; x_wconf 85' lang='lat' dir='ltr'><strong>verbis</strong></span> <span class='ocrx_word' id='word_1_206' title='bbox 431 2109 560 2149; x_wconf 87' lang='lat' dir='ltr'><strong>etiam</strong></span> <span class='ocrx_word' id='word_1_207' title='bbox 579 2108 720 2148; x_wconf 91' lang='lat' dir='ltr'><strong>tenuis</strong></span> <span class='ocrx_word' id='word_1_208' title='bbox 739 2114 979 2159; x_wconf 90' lang='lat' dir='ltr'><strong>cautusque</strong></span> <span class='ocrx_word' id='word_1_209' title='bbox 1000 2105 1198 2158; x_wconf 88' lang='lat' dir='ltr'><strong>serendis,</strong></span> 
     </span>
    </p>

    <p class='ocr_par' dir='ltr' id='par_1_17' title="bbox 205 2171 1166 2226">
     <span class='ocr_line' id='line_1_31' title="bbox 205 2171 1166 2226; baseline -0.004 -11"><span class='ocrx_word' id='word_1_210' title='bbox 205 2174 375 2215; x_wconf 87' lang='lat' dir='ltr'><strong>Dixeris</strong></span> <span class='ocrx_word' id='word_1_211' title='bbox 393 2173 567 2226; x_wconf 85' lang='lat' dir='ltr'><strong>egregie,</strong></span> <span class='ocrx_word' id='word_1_212' title='bbox 587 2180 738 2214; x_wconf 93' lang='lat' dir='ltr'><strong>notum</strong></span> <span class='ocrx_word' id='word_1_213' title='bbox 758 2174 794 2212; x_wconf 92' lang='lat' dir='ltr'><strong>si</strong></span> <span class='ocrx_word' id='word_1_214' title='bbox 813 2171 968 2212; x_wconf 90' lang='lat' dir='ltr'><strong>callida</strong></span> <span class='ocrx_word' id='word_1_215' title='bbox 987 2171 1166 2211; x_wconf 87' lang='lat' dir='ltr'><strong>verbum</strong></span> 
     </span>
    </p>

    <p class='ocr_par' dir='ltr' id='par_1_18' title="bbox 205 2235 1360 2352">
     <span class='ocr_line' id='line_1_32' title="bbox 205 2235 1360 2290; baseline -0.002 -12"><span class='ocrx_word' id='word_1_216' title='bbox 205 2237 450 2279; x_wconf 78' lang='lat' dir='ltr'><strong>Reddiderit</strong></span> <span class='ocrx_word' id='word_1_217' title='bbox 463 2235 664 2290; x_wconf 85' lang='lat' dir='ltr'><strong>junctura</strong></span> <span class='ocrx_word' id='word_1_218' title='bbox 682 2249 855 2277; x_wconf 84' lang='lat' dir='ltr'><strong>novum.</strong></span> <span class='ocrx_word' id='word_1_219' title='bbox 913 2237 960 2278; x_wconf 91' lang='lat' dir='ltr'><strong>Si</strong></span> <span class='ocrx_word' id='word_1_220' title='bbox 980 2235 1084 2276; x_wconf 88' lang='lat' dir='ltr'><strong>forte</strong></span> <span class='ocrx_word' id='word_1_221' title='bbox 1103 2249 1276 2277; x_wconf 89' lang='lat' dir='ltr'><strong>necesse</strong></span> <span class='ocrx_word' id='word_1_222' title='bbox 1295 2242 1360 2276; x_wconf 86' lang='lat' dir='ltr'><strong>est</strong></span> 
     </span>
     <span class='ocr_line' id='line_1_33' title="bbox 205 2301 1216 2352; baseline -0.003 -8"><span class='ocrx_word' id='word_1_223' title='bbox 205 2302 379 2344; x_wconf 79' lang='lat' dir='ltr'><strong>Iudiciis</strong></span> <span class='ocrx_word' id='word_1_224' title='bbox 398 2307 628 2342; x_wconf 86' lang='lat' dir='ltr'><strong>monstrare</strong></span> <span class='ocrx_word' id='word_1_225' title='bbox 646 2302 883 2342; x_wconf 89' lang='lat' dir='ltr'><strong>recentibus</strong></span> <span class='ocrx_word' id='word_1_226' title='bbox 902 2301 1047 2342; x_wconf 87' lang='lat' dir='ltr'><strong>abdita</strong></span> <span class='ocrx_word' id='word_1_227' title='bbox 1065 2313 1216 2352; x_wconf 89' lang='lat' dir='ltr'><strong>rerum,</strong></span> 
     </span>
    </p>
   </div>
   <div class='ocr_carea' id='block_1_3' title="bbox 407 2437 1224 2479">
    <p class='ocr_par' dir='ltr' id='par_1_19' title="bbox 407 2437 1224 2479">
     <span class='ocr_line' id='line_1_34' title="bbox 407 2437 1224 2479; baseline -0.004 -7"><span class='ocrx_word' id='word_1_228' title='bbox 407 2437 464 2472; x_wconf 71' lang='lat'><strong>23.</strong></span> <span class='ocrx_word' id='word_1_229' title='bbox 485 2438 639 2479; x_wconf 73' lang='lat' dir='ltr'><strong>quodvin.</strong></span> <span class='ocrx_word' id='word_1_230' title='bbox 723 2438 777 2472; x_wconf 74' lang='lat'><strong>³2.</strong></span> <span class='ocrx_word' id='word_1_231' title='bbox 798 2440 891 2472; x_wconf 69' lang='lat' dir='ltr'><strong>imm</strong></span> <span class='ocrx_word' id='word_1_232' title='bbox 976 2440 1030 2472; x_wconf 79' lang='lat'><strong>42.</strong></span> <span class='ocrx_word' id='word_1_233' title='bbox 1052 2438 1138 2472; x_wconf 77' lang='lat' dir='ltr'><strong>hand</strong></span> <span class='ocrx_word' id='word_1_234' title='bbox 1152 2446 1224 2478; x_wconf 75' lang='lat' dir='ltr'><strong>ego.</strong></span> 
     </span>
    </p>
   </div>
  </div>
 </body>
</html>
