1650 2730
213 207 310 255 128

753 214 1018 249 oARmUM

382 322 481 364 Non
501 321 636 362 ineisa
654 319 766 360 notis
785 330 999 359 marmora
1017 316 1211 370 publicis,

380 388 462 428 Per
480 399 591 439 quae
613 385 784 438 spiritus
804 390 846 424 et
865 385 955 424 vita
975 382 1082 423 redit
1100 382 1224 422 bonis

382 454 484 494 Post
503 458 682 492 mortem
702 450 896 501 ducibus,
917 461 1004 489 non
1024 447 1180 488 celeres
1200 446 1330 499 fugae

382 519 662 572 Rejectaeque
684 524 910 555 retrorsum
930 513 1189 554 Hannibalis
1210 512 1365 563 minae,

385 585 481 625 Non
502 582 699 623 incendia
720 579 992 633 Carthaginis
1012 579 1168 631 impiae

385 650 504 703 EJus‚
526 648 601 701 qui
621 647 782 687 domita
802 658 959 686 nomen
981 645 1036 685 ab
1057 642 1202 684 Africa

385 715 600 755 Lucratus
620 712 753 763 rediit,
775 711 932 751 clarius
952 710 1145 750 indicant

385 780 570 830 Laudes,
591 791 726 831 quam
747 777 956 817 Calabrae
977 774 1188 815 Pierides:
1217 786 1372 827 neque,

386 846 431 888 Si
452 846 624 885 chartae
646 843 799 883 sileant
818 841 934 895 quod
953 842 1060 881 bene
1080 839 1240 891 feceris,

388 909 631 953 Mercedem
651 909 807 969 tuleris.
867 906 992 952 Quid
1013 906 1118 946 foret
1137 905 1243 946 Iliae

389 976 679 1027 Mavortisque
699 987 815 1026 puer,
837 973 872 1012 si
893 971 1159 1012 taciturnitas

389 1042 588 1083 obstaret
606 1039 765 1079 meritis
786 1037 933 1078 invida
952 1035 1160 1078 Romuli(²

391 1107 601 1159 Ereptum
621 1105 782 1157 Stygiis
802 1103 1005 1143 fiuctibus
1025 1103 1221 1142 Aeacum

391 1173 535 1213 Virtus
555 1178 598 1212 et
618 1171 736 1211 favor
755 1176 797 1210 et
818 1169 968 1222 lingua
987 1167 1226 1221 potentium

393 1238 553 1278 Vatum
573 1237 778 1277 divitibus
798 1239 1018 1276 consecrat
1037 1231 1202 1273 insulis.

393 1304 587 1356 Dignum
609 1302 736 1342 laude
758 1302 898 1341 virum
919 1300 1049 1340 Musa
1068 1303 1184 1338 vetat
1203 1294 1337 1348 mori;

393 1370 522 1410 Coelo
544 1370 675 1409 Musa
699 1368 804 1407 beat.
863 1366 934 1407 Sic
955 1365 1075 1406 Jovis
1095 1364 1268 1403 interest

394 1435 562 1488 Optatis
582 1434 719 1487 epulis
739 1432 916 1484 impiger
936 1429 1167 1470 Hercules:

395 1501 573 1541 Clarum
593 1497 874 1551 Tyndaridae
895 1496 1015 1535 sidus
1036 1494 1091 1533 ab
1110 1491 1276 1532 infimis

396 1567 595 1610 Quassas
615 1564 799 1616 eripiunt
819 1559 1076 1613 aequoribus
1095 1564 1206 1598 rates
1223 1570 1236 1597 ι

396 1631 584 1670 Ornatus
604 1629 729 1669 viridi
749 1635 937 1679 tempora
955 1623 1157 1678 pampino

396 1696 523 1738 Liber
543 1701 642 1735 vota
661 1695 794 1735 bonos
813 1691 932 1733 ducit
950 1689 1007 1730 ad
1026 1688 1183 1730 exitus..

733 2057 971 2099 GARMEN
1014 2054 1089 2098 IX-

690 2189 769 2217 An
818 2185 1136 2216 LOLnrum.

492 2297 557 2338 Ne
577 2296 681 2336 forte
701 2295 850 2336 eredas
870 2293 1100 2343 interitura,
1122 2303 1245 2345 quae,

491 2362 639 2415 Longe
661 2368 883 2401 sonantem
902 2365 1032 2400 natus
1051 2357 1108 2399 ad
1126 2355 1350 2406 Aufidum,

614 2492 664 2524 17.
687 2491 850 2532 impendia
865 2502 874 2529 ;
895 2489 1067 2530 stipendia,
1081 2487 1121 2520 de
1135 2487 1220 2529 conj.

1510 444 1565 484 15
