1612 2716
135 174 226 221 196
665 181 949 214 SATIRARUM

131 290 350 343 Expressa
370 287 543 329 arbusto
563 286 713 339 regerit
733 285 942 335 convicia,
964 284 1102 324 durus

131 355 421 397 vindemiator
440 360 481 393 et
501 353 697 402 invictus,
719 351 789 391 cui
811 364 935 403 saepe
955 351 1092 390 viator
1425 347 1482 389 30

132 421 349 471 Cessisset‚
373 432 533 471 magna
553 417 816 470 compellans
838 429 940 455 voce
961 415 1178 455 cuculum.

133 488 191 527 At
209 487 410 535 Graecus,
433 491 660 536 postquam
681 490 744 522 est
765 482 872 522 Italo
893 480 1088 534 perfusus
1109 486 1239 531 aceto,

134 551 305 592 Persius
325 550 564 590 exclamat:
597 549 676 588 Per
697 560 887 599 magnOS‚
911 547 1051 597 Brute,
1074 546 1175 586 deos
1195 551 1236 585 te

135 617 220 658 Oro
237 617 245 656 !
279 616 353 668 qui
374 628 493 668 reges
514 614 731 654 consueris
754 613 907 664 tollere,
929 626 1006 652 cur
1026 625 1113 652 non

134 683 264 723 Hunc
283 682 447 734 Regem
461 679 668 734 jugulas?
716 678 907 732 Operum
926 679 1018 729 hoc,
1035 677 1143 717 mihi
1162 676 1296 729 crede,
1313 682 1486 717 tuorum

300 752 376 787 est.
1429 740 1486 781 35

630 1151 845 1193 SATIRA
882 1151 1007 1190 VIII.

250 1302 367 1344 Olim
388 1309 565 1343 truncus
585 1293 702 1342 eram
723 1300 923 1350 ficulnus,
945 1298 1096 1339 inutile
1117 1298 1297 1351 lignum,

194 1369 310 1409 Cum
329 1368 457 1420 faber,
479 1369 666 1408 incertus
687 1379 913 1406 scamnum
933 1364 1144 1405 faceretne
1164 1364 1379 1416 Priapum,

151 1433 160 1439 ’
196 1434 353 1474 Maluit
372 1447 464 1474 esse
485 1433 628 1473 deum.
687 1433 809 1472 Deus
829 1430 929 1470 inde
949 1443 1037 1482 eg0,
1059 1428 1206 1469 surum
1226 1428 1461 1481 aviumque

196 1500 392 1540 Maxima
412 1498 616 1539 formido:
647 1510 750 1538 nam
771 1496 884 1536 fures
906 1495 1056 1536 dextra
1076 1500 1240 1534 coercet

196 1565 504 1617 Obscoenoque
526 1564 649 1604 ruber
667 1569 882 1616 porrectus
903 1562 957 1601 ab
977 1561 1153 1614 inguine
1172 1560 1321 1613 palus:
1462 1559 1490 1600 5

194 1630 274 1669 Ast
294 1630 559 1682 importunas
580 1629 774 1668 volucres
795 1628 840 1667 in
861 1627 1015 1667 vertice
1035 1625 1200 1666 arundo

195 1694 346 1734 Terret
367 1694 458 1734 fixa
477 1700 679 1745 vetatque
699 1693 825 1732 novis
845 1692 1062 1731 considere
1082 1691 1127 1730 in
1147 1690 1291 1731 hortis.

195 1759 295 1800 Huc
316 1759 432 1811 prius
453 1758 647 1810 angustis
668 1758 800 1810 ejecta
820 1755 1031 1795 cadavera
1051 1755 1169 1795 cellis

196 1824 439 1864 Conservus
458 1822 535 1862 vili
555 1821 762 1875 portanda
783 1821 950 1861 locabat
970 1821 1015 1860 in
1035 1833 1146 1860 arca.

195 1889 290 1930 Hoc
310 1889 489 1928 miserae
510 1887 622 1940 plebi
643 1887 783 1927 stabat
803 1899 1031 1926 commune
1052 1886 1308 1938 sepulcrum,
1434 1885 1490 1926 10

199 1953 433 1995 Pantolabo
454 1966 623 1993 scurrae
643 1953 999 2004 Nomentanoque
1020 1951 1172 2003 nepoti.

196 2018 316 2059 Mille
335 2018 464 2071 pedes
485 2019 528 2058 in
549 2017 695 2068 fronte,
718 2024 923 2057 trecentos
944 2016 1093 2068 cippus
1114 2015 1158 2054 in
1179 2026 1332 2067 agrum

194 2083 279 2125 Hic
299 2082 441 2134 dabat⁷
463 2083 638 2123 heredes
659 2087 986 2122 monumentum
1009 2092 1062 2119 ne
1083 2084 1339 2130 sequeretur.

196 2148 324 2190 Nunc
346 2148 442 2187 licet
463 2148 669 2199 Esquiliis
690 2146 882 2186 habitare
903 2144 1155 2194 salubribus,
1178 2150 1306 2196 atque

196 2215 362 2267 Aggere
382 2213 427 2252 in
448 2213 588 2264 aprico
609 2211 792 2263 spatiari,
814 2223 901 2262 quo
922 2210 1048 2250 modo
1069 2210 1206 2249 tristes
1433 2208 1487 2248 15

196 2274 318 2320 Albis
338 2276 561 2317 informem
582 2276 831 2328 spectabant
851 2275 1018 2315 ossibus
1039 2287 1215 2327 agrum3

196 2344 311 2385 Cum
329 2342 437 2383 mihi
455 2354 542 2382 non
562 2347 731 2381 tantum
751 2340 950 2393 furesque
970 2340 1166 2392 feraeque
1187 2344 1331 2379 suetae

269 2471 324 2505 31.
346 2471 512 2505 cucullum.
599 2472 653 2504 34.
676 2471 843 2503 consuesti.
932 2469 967 2502 S.
982 2470 1048 2502 viii.
1067 2470 1096 2501 7.
1119 2468 1206 2506 fissa,
1220 2466 1354 2508 domj-
