<?xml version="1.0" encoding="UTF-8"?>
<!DOCTYPE html PUBLIC "-//W3C//DTD XHTML 1.0 Transitional//EN"
    "http://www.w3.org/TR/xhtml1/DTD/xhtml1-transitional.dtd">
<html xmlns="http://www.w3.org/1999/xhtml" xml:lang="en" lang="en">
 <head>
  <title>
</title>
<meta http-equiv="Content-Type" content="text/html;charset=utf-8" />
  <meta name='ocr-system' content='tesseract 3.04.00' />
  <meta name='ocr-capabilities' content='ocr_page ocr_carea ocr_par ocr_line ocrx_word'/>
</head>
<body>
  <div class='ocr_page' id='page_1' title='image "./workswithenglis00horauoft_0211.png"; bbox 0 0 1612 2716; ppageno 0'>
   <div class='ocr_carea' id='block_1_1' title="bbox 211 290 1107 528">
    <p class='ocr_par' dir='ltr' id='par_1_1' title="bbox 211 290 1107 473">
     <span class='ocr_line' id='line_1_1' title="bbox 211 290 1107 347; baseline 0.001 -14"><span class='ocrx_word' id='word_1_1' title='bbox 211 291 299 347; x_wconf 78' lang='lat' dir='ltr'><strong>Oui</strong></span> <span class='ocrx_word' id='word_1_2' title='bbox 311 303 390 346; x_wconf 85' lang='lat' dir='ltr'><strong>per</strong></span> <span class='ocrx_word' id='word_1_3' title='bbox 407 290 630 332; x_wconf 71' lang='lat' dir='ltr'><strong>ardentem</strong></span> <span class='ocrx_word' id='word_1_4' title='bbox 646 292 741 332; x_wconf 80' lang='lat' dir='ltr'><strong>sine</strong></span> <span class='ocrx_word' id='word_1_5' title='bbox 758 290 909 333; x_wconf 76' lang='lat' dir='ltr'><strong>fraude</strong></span> <span class='ocrx_word' id='word_1_6' title='bbox 926 291 1107 347; x_wconf 69' lang='lat' dir='ltr'><strong>Trqiam</strong></span> 
     </span>
     <span class='ocr_line' id='line_1_2' title="bbox 211 356 993 411; baseline 0.001 -14"><span class='ocrx_word' id='word_1_7' title='bbox 211 356 372 404; x_wconf 74' lang='lat' dir='ltr'><strong>Castus</strong></span> <span class='ocrx_word' id='word_1_8' title='bbox 389 357 571 407; x_wconf 73' lang='lat' dir='ltr'><strong>AeneaS,</strong></span> <span class='ocrx_word' id='word_1_9' title='bbox 591 357 750 410; x_wconf 78' lang='lat' dir='ltr'><strong>patriae</strong></span> <span class='ocrx_word' id='word_1_10' title='bbox 769 364 993 411; x_wconf 81' lang='lat' dir='ltr'><strong>superstes,</strong></span> 
     </span>
     <span class='ocr_line' id='line_1_3' title="bbox 211 421 927 473; baseline 0 -10"><span class='ocrx_word' id='word_1_11' title='bbox 211 421 417 463; x_wconf 88' lang='lat' dir='ltr'><strong>Liberum</strong></span> <span class='ocrx_word' id='word_1_12' title='bbox 436 422 621 461; x_wconf 83' lang='lat' dir='ltr'><strong>munivit</strong></span> <span class='ocrx_word' id='word_1_13' title='bbox 640 422 727 473; x_wconf 89' lang='lat' dir='ltr'><strong>iter,</strong></span> <span class='ocrx_word' id='word_1_14' title='bbox 747 421 927 463; x_wconf 78' lang='lat' dir='ltr'><strong>daturus</strong></span> 
     </span>
    </p>

    <p class='ocr_par' dir='ltr' id='par_1_2' title="bbox 327 486 654 528">
     <span class='ocr_line' id='line_1_4' title="bbox 327 486 654 528; baseline -0.003 0"><span class='ocrx_word' id='word_1_15' title='bbox 327 487 458 528; x_wconf 84' lang='lat' dir='ltr'><strong>Plura</strong></span> <span class='ocrx_word' id='word_1_16' title='bbox 475 486 654 527; x_wconf 82' lang='lat' dir='ltr'><strong>relictis:</strong></span> 
     </span>
    </p>
   </div>
   <div class='ocr_carea' id='block_1_2' title="bbox 212 616 1141 854">
    <p class='ocr_par' dir='ltr' id='par_1_3' title="bbox 214 616 989 671">
     <span class='ocr_line' id='line_1_5' title="bbox 214 616 989 671; baseline 0.001 -14"><span class='ocrx_word' id='word_1_17' title='bbox 214 617 285 669; x_wconf 69' lang='lat' dir='ltr'><strong>Di,</strong></span> <span class='ocrx_word' id='word_1_18' title='bbox 305 617 456 670; x_wconf 87' lang='lat' dir='ltr'><strong>probos</strong></span> <span class='ocrx_word' id='word_1_19' title='bbox 474 629 613 658; x_wconf 86' lang='lat' dir='ltr'><strong>mores</strong></span> <span class='ocrx_word' id='word_1_20' title='bbox 630 616 758 658; x_wconf 86' lang='lat' dir='ltr'><strong>docili</strong></span> <span class='ocrx_word' id='word_1_21' title='bbox 769 618 989 671; x_wconf 74' lang='lat' dir='ltr'><strong>juventae,</strong></span> 
     </span>
    </p>

    <p class='ocr_par' dir='ltr' id='par_1_4' title="bbox 214 682 944 735">
     <span class='ocr_line' id='line_1_6' title="bbox 214 682 944 735; baseline 0.001 -13"><span class='ocrx_word' id='word_1_22' title='bbox 214 682 285 733; x_wconf 77' lang='lat' dir='ltr'><strong>Di,</strong></span> <span class='ocrx_word' id='word_1_23' title='bbox 305 683 512 722; x_wconf 81' lang='lat' dir='ltr'>senectuti</span> <span class='ocrx_word' id='word_1_24' title='bbox 532 682 726 735; x_wconf 77' lang='lat' dir='ltr'><strong>placidae</strong></span> <span class='ocrx_word' id='word_1_25' title='bbox 744 683 944 735; x_wconf 86' lang='lat' dir='ltr'><strong>quietem,</strong></span> 
     </span>
    </p>

    <p class='ocr_par' dir='ltr' id='par_1_5' title="bbox 212 747 1141 854">
     <span class='ocr_line' id='line_1_7' title="bbox 212 747 1141 802; baseline 0 -13"><span class='ocrx_word' id='word_1_26' title='bbox 212 747 425 789; x_wconf 82' lang='lat' dir='ltr'><strong>Romulae</strong></span> <span class='ocrx_word' id='word_1_27' title='bbox 444 748 561 800; x_wconf 89' lang='lat' dir='ltr'><strong>genti</strong></span> <span class='ocrx_word' id='word_1_28' title='bbox 580 747 679 788; x_wconf 87' lang='lat' dir='ltr'><strong>date</strong></span> <span class='ocrx_word' id='word_1_29' title='bbox 698 760 874 801; x_wconf 85' lang='lat' dir='ltr'><strong>remque</strong></span> <span class='ocrx_word' id='word_1_30' title='bbox 892 747 1141 802; x_wconf 81' lang='lat' dir='ltr'>prolemque</span> 
     </span>
     <span class='ocr_line' id='line_1_8' title="bbox 331 812 695 854; baseline 0 -1"><span class='ocrx_word' id='word_1_31' title='bbox 331 813 389 854; x_wconf 81' lang='lat' dir='ltr'><strong>Et</strong></span> <span class='ocrx_word' id='word_1_32' title='bbox 405 812 539 854; x_wconf 88' lang='lat' dir='ltr'><strong>decus</strong></span> <span class='ocrx_word' id='word_1_33' title='bbox 556 825 695 854; x_wconf 89' lang='lat' dir='ltr'><strong>omne.</strong></span> 
     </span>
    </p>
   </div>
   <div class='ocr_carea' id='block_1_3' title="bbox 216 942 1097 1176">
    <p class='ocr_par' dir='ltr' id='par_1_6' title="bbox 216 942 1058 995">
     <span class='ocr_line' id='line_1_9' title="bbox 216 942 1058 995; baseline 0.002 -13"><span class='ocrx_word' id='word_1_34' title='bbox 216 942 432 995; x_wconf 78' lang='lat' dir='ltr'>Quaeque</span> <span class='ocrx_word' id='word_1_35' title='bbox 451 955 529 982; x_wconf 84' lang='lat' dir='ltr'><strong>vos</strong></span> <span class='ocrx_word' id='word_1_36' title='bbox 547 943 683 983; x_wconf 91' lang='lat' dir='ltr'><strong>bobus</strong></span> <span class='ocrx_word' id='word_1_37' title='bbox 702 950 930 984; x_wconf 81' lang='lat' dir='ltr'><strong>veneratur</strong></span> <span class='ocrx_word' id='word_1_38' title='bbox 948 943 1058 984; x_wconf 87' lang='lat' dir='ltr'><strong>albis</strong></span> 
     </span>
    </p>

    <p class='ocr_par' dir='ltr' id='par_1_7' title="bbox 218 1006 1097 1062">
     <span class='ocr_line' id='line_1_10' title="bbox 218 1006 1097 1062; baseline 0.003 -16"><span class='ocrx_word' id='word_1_39' title='bbox 218 1006 373 1046; x_wconf 79' lang='lat' dir='ltr'>Clarus</span> <span class='ocrx_word' id='word_1_40' title='bbox 392 1007 607 1047; x_wconf 82' lang='lat' dir='ltr'><strong>Anchisae</strong></span> <span class='ocrx_word' id='word_1_41' title='bbox 627 1008 888 1061; x_wconf 81' lang='lat' dir='ltr'><strong>Venerisque</strong></span> <span class='ocrx_word' id='word_1_42' title='bbox 907 1008 1097 1062; x_wconf 66' lang='lat' dir='ltr'><strong>mugnis,</strong></span> 
     </span>
    </p>

    <p class='ocr_par' dir='ltr' id='par_1_8' title="bbox 219 1070 1008 1176">
     <span class='ocr_line' id='line_1_11' title="bbox 219 1070 1008 1127; baseline 0.005 -17"><span class='ocrx_word' id='word_1_43' title='bbox 219 1070 431 1123; x_wconf 82' lang='lat' dir='ltr'><strong>Impetret,</strong></span> <span class='ocrx_word' id='word_1_44' title='bbox 450 1071 634 1111; x_wconf 86' lang='lat' dir='ltr'><strong>bellante</strong></span> <span class='ocrx_word' id='word_1_45' title='bbox 653 1074 776 1125; x_wconf 89' lang='lat' dir='ltr'><strong>prior,</strong></span> <span class='ocrx_word' id='word_1_46' title='bbox 792 1075 1008 1127; x_wconf 83' lang='lat' dir='ltr'><strong>jacentem</strong></span> 
     </span>
     <span class='ocr_line' id='line_1_12' title="bbox 330 1134 724 1176; baseline 0.003 -1"><span class='ocrx_word' id='word_1_47' title='bbox 330 1134 463 1176; x_wconf 78' lang='lat' dir='ltr'><strong>Lenis</strong></span> <span class='ocrx_word' id='word_1_48' title='bbox 481 1135 528 1176; x_wconf 91' lang='lat' dir='ltr'><strong>in</strong></span> <span class='ocrx_word' id='word_1_49' title='bbox 545 1136 724 1176; x_wconf 83' lang='lat' dir='ltr'><strong>hostem.</strong></span> 
     </span>
    </p>
   </div>
   <div class='ocr_carea' id='block_1_4' title="bbox 221 1263 1121 1511">
    <p class='ocr_par' dir='ltr' id='par_1_9' title="bbox 221 1263 1049 1318">
     <span class='ocr_line' id='line_1_13' title="bbox 221 1263 1049 1318; baseline 0.002 -14"><span class='ocrx_word' id='word_1_50' title='bbox 221 1263 323 1305; x_wconf 89' lang='lat' dir='ltr'><strong>Jam</strong></span> <span class='ocrx_word' id='word_1_51' title='bbox 341 1264 449 1304; x_wconf 85' lang='lat' dir='ltr'><strong>mari</strong></span> <span class='ocrx_word' id='word_1_52' title='bbox 469 1271 661 1317; x_wconf 90' lang='lat' dir='ltr'><strong>terraque</strong></span> <span class='ocrx_word' id='word_1_53' title='bbox 680 1277 838 1306; x_wconf 89' lang='lat' dir='ltr'><strong>manus</strong></span> <span class='ocrx_word' id='word_1_54' title='bbox 856 1272 1049 1318; x_wconf 66' lang='lat' dir='ltr'><strong>potentoe</strong></span> 
     </span>
    </p>

    <p class='ocr_par' dir='ltr' id='par_1_10' title="bbox 222 1328 1024 1382">
     <span class='ocr_line' id='line_1_14' title="bbox 222 1328 1024 1382; baseline 0.002 -14"><span class='ocrx_word' id='word_1_55' title='bbox 222 1328 379 1368; x_wconf 82' lang='lat' dir='ltr'><strong>Medus</strong></span> <span class='ocrx_word' id='word_1_56' title='bbox 398 1329 675 1381; x_wconf 88' lang='lat' dir='ltr'><strong>Albanasque</strong></span> <span class='ocrx_word' id='word_1_57' title='bbox 694 1330 813 1369; x_wconf 89' lang='lat' dir='ltr'><strong>timet</strong></span> <span class='ocrx_word' id='word_1_58' title='bbox 832 1343 1024 1382; x_wconf 65' lang='lat' dir='ltr'><strong>seeum3</strong></span> 
     </span>
    </p>

    <p class='ocr_par' dir='ltr' id='par_1_11' title="bbox 222 1393 1121 1511">
     <span class='ocr_line' id='line_1_15' title="bbox 222 1393 1121 1448; baseline 0 -13"><span class='ocrx_word' id='word_1_59' title='bbox 222 1393 323 1435; x_wconf 85' lang='lat' dir='ltr'><strong>Jam</strong></span> <span class='ocrx_word' id='word_1_60' title='bbox 341 1393 529 1446; x_wconf 80' lang='lat' dir='ltr'><strong>Scythae</strong></span> <span class='ocrx_word' id='word_1_61' title='bbox 548 1406 750 1446; x_wconf 88' lang='lat' dir='ltr'><strong>responsa</strong></span> <span class='ocrx_word' id='word_1_62' title='bbox 767 1401 931 1447; x_wconf 82' lang='lat' dir='ltr'><strong>petunt,</strong></span> <span class='ocrx_word' id='word_1_63' title='bbox 950 1394 1121 1448; x_wconf 86' lang='lat' dir='ltr'><strong>superbi</strong></span> 
     </span>
     <span class='ocr_line' id='line_1_16' title="bbox 333 1457 682 1511; baseline 0 -13"><span class='ocrx_word' id='word_1_64' title='bbox 333 1457 491 1511; x_wconf 89' lang='lat' dir='ltr'><strong>Nuper,</strong></span> <span class='ocrx_word' id='word_1_65' title='bbox 512 1465 555 1498; x_wconf 90' lang='lat' dir='ltr'><strong>et</strong></span> <span class='ocrx_word' id='word_1_66' title='bbox 568 1458 682 1510; x_wconf 86' lang='lat' dir='ltr'><strong>Indi.</strong></span> 
     </span>
    </p>
   </div>
   <div class='ocr_carea' id='block_1_5' title="bbox 221 1586 1075 1836">
    <p class='ocr_par' dir='ltr' id='par_1_12' title="bbox 221 1586 1075 1772">
     <span class='ocr_line' id='line_1_17' title="bbox 221 1586 1075 1642; baseline 0.004 -15"><span class='ocrx_word' id='word_1_67' title='bbox 221 1587 322 1628; x_wconf 85' lang='lat' dir='ltr'><strong>Jam</strong></span> <span class='ocrx_word' id='word_1_68' title='bbox 340 1586 449 1640; x_wconf 85' lang='lat' dir='ltr'><strong>fides</strong></span> <span class='ocrx_word' id='word_1_69' title='bbox 466 1594 510 1627; x_wconf 90' lang='lat' dir='ltr'><strong>et</strong></span> <span class='ocrx_word' id='word_1_70' title='bbox 527 1600 616 1640; x_wconf 80' lang='lat' dir='ltr'><strong>pax</strong></span> <span class='ocrx_word' id='word_1_71' title='bbox 634 1594 678 1628; x_wconf 90' lang='lat' dir='ltr'><strong>et</strong></span> <span class='ocrx_word' id='word_1_72' title='bbox 695 1588 834 1628; x_wconf 86' lang='lat' dir='ltr'><strong>honos</strong></span> <span class='ocrx_word' id='word_1_73' title='bbox 852 1588 1075 1642; x_wconf 85' lang='lat' dir='ltr'><strong>pudorque</strong></span> 
     </span>
     <span class='ocr_line' id='line_1_18' title="bbox 221 1651 976 1705; baseline 0.005 -14"><span class='ocrx_word' id='word_1_74' title='bbox 221 1651 395 1692; x_wconf 83' lang='lat' dir='ltr'><strong>Priscus</strong></span> <span class='ocrx_word' id='word_1_75' title='bbox 413 1659 455 1692; x_wconf 88' lang='lat' dir='ltr'><strong>et</strong></span> <span class='ocrx_word' id='word_1_76' title='bbox 473 1653 670 1705; x_wconf 79' lang='lat' dir='ltr'><strong>neglecta</strong></span> <span class='ocrx_word' id='word_1_77' title='bbox 687 1652 821 1694; x_wconf 88' lang='lat' dir='ltr'><strong>redire</strong></span> <span class='ocrx_word' id='word_1_78' title='bbox 840 1654 976 1695; x_wconf 85' lang='lat' dir='ltr'><strong>virtus</strong></span> 
     </span>
     <span class='ocr_line' id='line_1_19' title="bbox 224 1716 944 1772; baseline 0.006 -16"><span class='ocrx_word' id='word_1_79' title='bbox 224 1716 376 1768; x_wconf 85' lang='lat' dir='ltr'><strong>Audet,</strong></span> <span class='ocrx_word' id='word_1_80' title='bbox 398 1725 655 1770; x_wconf 81' lang='lat' dir='ltr'><strong>apparetque</strong></span> <span class='ocrx_word' id='word_1_81' title='bbox 673 1719 800 1759; x_wconf 57' lang='lat' dir='ltr'><strong>beata</strong></span> <span class='ocrx_word' id='word_1_82' title='bbox 816 1719 944 1772; x_wconf 90' lang='lat' dir='ltr'><strong>pleno</strong></span> 
     </span>
    </p>

    <p class='ocr_par' dir='ltr' id='par_1_13' title="bbox 334 1782 632 1836">
     <span class='ocr_line' id='line_1_20' title="bbox 334 1782 632 1836; baseline 0.007 -14"><span class='ocrx_word' id='word_1_83' title='bbox 334 1782 469 1836; x_wconf 88' lang='lat' dir='ltr'><strong>Copia</strong></span> <span class='ocrx_word' id='word_1_84' title='bbox 486 1795 632 1824; x_wconf 88' lang='lat' dir='ltr'><strong>cornu.</strong></span> 
     </span>
    </p>
   </div>
   <div class='ocr_carea' id='block_1_6' title="bbox 225 1920 968 1975">
    <p class='ocr_par' dir='ltr' id='par_1_14' title="bbox 225 1920 968 1975">
     <span class='ocr_line' id='line_1_21' title="bbox 225 1920 968 1975; baseline 0.008 -16"><span class='ocrx_word' id='word_1_85' title='bbox 225 1920 378 1972; x_wconf 82' lang='lat' dir='ltr'><strong>Augur</strong></span> <span class='ocrx_word' id='word_1_86' title='bbox 396 1929 438 1961; x_wconf 91' lang='lat' dir='ltr'><strong>et</strong></span> <span class='ocrx_word' id='word_1_87' title='bbox 456 1921 647 1975; x_wconf 82' lang='lat' dir='ltr'><strong>fulgente</strong></span> <span class='ocrx_word' id='word_1_88' title='bbox 665 1923 845 1964; x_wconf 85' lang='lat' dir='ltr'><strong>decorus</strong></span> <span class='ocrx_word' id='word_1_89' title='bbox 863 1936 968 1965; x_wconf 79' lang='lat' dir='ltr'><strong>arcu</strong></span> 
     </span>
    </p>
   </div>
   <div class='ocr_carea' id='block_1_7' title="bbox 227 1983 1143 2093">
    <p class='ocr_par' dir='ltr' id='par_1_15' title="bbox 227 1983 1143 2093">
     <span class='ocr_line' id='line_1_22' title="bbox 227 1983 1143 2041; baseline 0.007 -17"><span class='ocrx_word' id='word_1_90' title='bbox 227 1983 426 2026; x_wconf 90' lang='lat' dir='ltr'><strong>Phoebus</strong></span> <span class='ocrx_word' id='word_1_91' title='bbox 444 1994 730 2040; x_wconf 84' lang='lat' dir='ltr'><strong>acceptusque</strong></span> <span class='ocrx_word' id='word_1_92' title='bbox 749 2000 907 2028; x_wconf 85' lang='lat' dir='ltr'><strong>novem</strong></span> <span class='ocrx_word' id='word_1_93' title='bbox 927 1988 1143 2041; x_wconf 86' lang='lat' dir='ltr'><strong>Camenis,</strong></span> 
     </span>
     <span class='ocr_line' id='line_1_23' title="bbox 227 2049 908 2093; baseline 0.009 -6"><span class='ocrx_word' id='word_1_94' title='bbox 227 2049 320 2093; x_wconf 79' lang='lat' dir='ltr'><strong>Qui</strong></span> <span class='ocrx_word' id='word_1_95' title='bbox 339 2050 514 2091; x_wconf 85' lang='lat' dir='ltr'><strong>salutari</strong></span> <span class='ocrx_word' id='word_1_96' title='bbox 533 2051 649 2093; x_wconf 84' lang='lat' dir='ltr'><strong>levat</strong></span> <span class='ocrx_word' id='word_1_97' title='bbox 667 2060 756 2092; x_wconf 88' lang='lat' dir='ltr'><strong>arte</strong></span> <span class='ocrx_word' id='word_1_98' title='bbox 774 2051 908 2093; x_wconf 84' lang='lat' dir='ltr'><strong>fessos</strong></span> 
     </span>
    </p>
   </div>
   <div class='ocr_carea' id='block_1_8' title="bbox 341 2113 682 2168">
    <p class='ocr_par' dir='ltr' id='par_1_16' title="bbox 341 2113 682 2168">
     <span class='ocr_line' id='line_1_24' title="bbox 341 2113 682 2168; baseline 0.018 -16"><span class='ocrx_word' id='word_1_99' title='bbox 341 2113 533 2166; x_wconf 86' lang='lat' dir='ltr'><strong>Corporis</strong></span> <span class='ocrx_word' id='word_1_100' title='bbox 552 2123 682 2168; x_wconf 83' lang='lat' dir='ltr'><strong>artus,</strong></span> 
     </span>
    </p>
   </div>
   <div class='ocr_carea' id='block_1_9' title="bbox 230 2248 1083 2372">
    <p class='ocr_par' dir='ltr' id='par_1_17' title="bbox 230 2248 1083 2372">
     <span class='ocr_line' id='line_1_25' title="bbox 230 2248 980 2307; baseline 0.012 -18"><span class='ocrx_word' id='word_1_101' title='bbox 230 2248 277 2289; x_wconf 91' lang='lat' dir='ltr'><strong>Si</strong></span> <span class='ocrx_word' id='word_1_102' title='bbox 298 2249 516 2290; x_wconf 83' lang='lat' dir='ltr'><strong>Palatinas</strong></span> <span class='ocrx_word' id='word_1_103' title='bbox 534 2253 650 2293; x_wconf 83' lang='lat' dir='ltr'><strong>videt</strong></span> <span class='ocrx_word' id='word_1_104' title='bbox 667 2267 832 2307; x_wconf 90' lang='lat' dir='ltr'><strong>aequus</strong></span> <span class='ocrx_word' id='word_1_105' title='bbox 850 2268 980 2307; x_wconf 75' lang='lat' dir='ltr'><strong>aroeS,</strong></span> 
     </span>
     <span class='ocr_line' id='line_1_26' title="bbox 231 2313 1083 2372; baseline 0.009 -19"><span class='ocrx_word' id='word_1_106' title='bbox 231 2313 425 2365; x_wconf 67' lang='lat' dir='ltr'><strong>Remque</strong></span> <span class='ocrx_word' id='word_1_107' title='bbox 443 2314 685 2357; x_wconf 85' lang='lat' dir='ltr'><strong>Romanam</strong></span> <span class='ocrx_word' id='word_1_108' title='bbox 703 2318 961 2372; x_wconf 86' lang='lat' dir='ltr'><strong>Latiumque</strong></span> <span class='ocrx_word' id='word_1_109' title='bbox 980 2320 1083 2360; x_wconf 82' lang='lat' dir='ltr'><strong>felix</strong></span> 
     </span>
    </p>
   </div>
   <div class='ocr_carea' id='block_1_10' title="bbox 217 2450 1199 2496">
    <p class='ocr_par' dir='ltr' id='par_1_18' title="bbox 217 2450 1199 2496">
     <span class='ocr_line' id='line_1_27' title="bbox 217 2450 1199 2496; baseline 0.006 -14"><span class='ocrx_word' id='word_1_110' title='bbox 217 2450 466 2483; x_wconf 57' lang='lat' dir='ltr'><strong>maenam</strong></span> <span class='ocrx_word' id='word_1_111' title='bbox 560 2453 951 2496; x_wconf 56' lang='lat' dir='ltr'><strong>meusque-mm</strong></span> <span class='ocrx_word' id='word_1_112' title='bbox 1037 2455 1199 2488; x_wconf 59' lang='lat' dir='ltr'><strong>sams.</strong></span> 
     </span>
    </p>
   </div>
   <div class='ocr_carea' id='block_1_11' title="bbox 1261 174 1360 229">
    <p class='ocr_par' dir='ltr' id='par_1_19' title="bbox 1261 174 1360 229">
     <span class='ocr_line' id='line_1_28' title="bbox 1261 174 1360 229; baseline 0 -1"><span class='ocrx_word' id='word_1_113' title='bbox 1261 174 1360 229; x_wconf 69' lang='lat'><strong>16‘1</strong></span> 
     </span>
    </p>
   </div>
  </div>
 </body>
</html>
