1650 2730
188 180 267 235 ’ἴδ’

723 194 988 227 oARmUM

384 299 557 342 Auditis
568 298 588 339 ’.ῑ
618 310 676 339 an
695 311 765 338 me
786 298 898 338 ludit
917 297 1117 339 amabilis

382 364 559 406 Insania
570 363 590 403 ’.ἱ
647 363 808 403 Audire
828 369 870 402 et
888 362 1036 402 videor
1053 361 1146 415 pios

439 429 592 470 Errare
612 440 685 480 per
705 427 835 478 lucos,
857 440 1064 467 amoenae

493 494 621 538 Quos
640 499 683 532 et
701 505 842 545 aquae
862 493 1049 532 subeunt
1067 498 1110 533 et
1129 503 1272 533 aurae.

383 613 456 654 Me
475 611 696 652 fabulosae
716 611 896 652 Vulture
916 612 962 651 in
982 611 1136 664 Apulo,

383 677 554 719 Altricis
574 682 696 716 extra
717 676 849 716 limen
868 676 1065 728 Apuliae,

438 741 564 783 Ludo
584 741 897 794 fatigatumque
918 753 1067 781 somno

497 805 668 848 Fronde
687 818 803 847 nova
822 818 1005 859 puerum
1024 805 1251 859 palumbes

382 937 563 988 Texere‚
585 936 743 976 mirum
762 935 878 988 quod
898 935 1004 976 foret
1022 935 1235 986 omnibus,

382 1003 649 1054 Quicunque
667 1001 807 1041 celsae
827 1000 981 1041 nidum
1000 1000 1284 1041 Acherontiae

436 1067 670 1119 Saltusque
690 1066 898 1106 Bantinos
918 1072 960 1106 et
979 1077 1136 1106 arvum

481 1132 661 1185 >Pingue
681 1137 827 1172 tenent
845 1130 1023 1171 humilis
1044 1129 1229 1182 Forenti,

379 1271 441 1313 Ut
460 1277 553 1311 tuto
573 1271 629 1311 ab
648 1270 750 1311 atris
770 1282 940 1323 corpore
959 1269 1116 1323 viperis

380 1337 621 1378 Dormirem
640 1342 682 1375 et
701 1336 822 1387 ursis,
844 1341 893 1376 ut
912 1348 1120 1388 premerer
1139 1346 1262 1376 sacra

433 1402 666 1453 Lauroque
685 1400 924 1452 collataque
943 1406 1094 1452 myrto,

492 1466 592 1508 Non
611 1465 702 1505 sine
722 1464 789 1505 dis
809 1465 1030 1504 animosus
1049 1463 1206 1504 infans.

379 1606 537 1657 Vester,
559 1605 788 1655 Camenae,
810 1609 949 1644 vester
967 1603 1014 1644 in
1034 1603 1192 1644 arduos

377 1671 527 1712 Tollor
547 1670 740 1720 Sabinos,
763 1681 839 1708 seu
860 1669 967 1709 mihi
987 1668 1192 1722 frigidum

433 1736 662 1777 Praeneste
682 1733 920 1774 seu‘Tibur
944 1734 1161 1786 supinum,

490 1800 579 1841 Seu
597 1798 785 1852 liquidae
804 1798 1003 1851 placuere
1022 1799 1169 1840 Baiae.

376 1938 536 1981 Vestris
556 1938 748 1980 amicum
766 1937 956 1979 fontibus
975 1943 1018 1995 et
1036 1937 1177 1978 choris

378 2004 477 2046 Non
497 2017 566 2044 me
586 2004 795 2057 Philippis
814 2016 939 2043 versa
958 2002 1070 2042 acies
1087 2007 1207 2054 retro,

434 2069 603 2109 Devota
622 2081 708 2109 non
727 2068 934 2108 exstinxit
952 2067 1087 2118 arbos,

487 2133 578 2174 Neo
598 2133 747 2174 Sicula
766 2131 995 2172 Palinurus
1016 2130 1148 2171 unda.

378 2272 609 2323 Utcunque
629 2282 801 2310 meeum
819 2282 897 2309 vos
916 2269 1041 2321 eritis,
1062 2269 1200 2311 libens

363 2336 669 2379 Insanientem
687 2334 836 2376 navita
854 2335 1091 2387 Bosporum

351 2467 385 2501 5.
407 2466 560 2500 Audifis‘e
583 2464 624 2498 de
638 2466 722 2508 conj.
833 2463 885 2497 10.
907 2463 1060 2498 Nutrieis.
1168 2463 1224 2498 2⁷.
1245 2462 1350 2497 arbor.

1480 674 1537 715 10

1477 1064 1532 1106 15
