1612 2716
140 161 236 206 212
671 171 952 205 SATIBARUM

139 276 340 319 Pluribus
360 275 549 316 adsuerit
569 282 757 316 mentem
777 288 1016 329 corpusque
1036 275 1279 329 supeer

138 343 210 384 An
229 343 315 395 qui,
337 348 562 383 contentus
583 354 715 395 parvo
734 348 1018 394 metuensque
1037 341 1182 394 futuri,
1408 340 1492 382 110

139 409 191 450 In
211 421 327 462 pace,
349 415 398 449 ut
418 408 598 461 sapiens,
621 409 775 461 aptarit
794 408 948 448 idonea
967 407 1167 466 bellust—-

140 476 244 520 Quo
263 475 402 528 magis
421 474 489 514 his
509 473 668 524 credas,
690 487 795 527 puer
814 474 932 514 hunc
952 486 1031 526 ego
1051 486 1210 527 parvus
1230 472 1422 514 Ofellum

140 540 321 593 Integris
341 540 492 593 opibus
513 540 614 580 novi
634 553 721 580 non
742 540 871 579 latius
891 552 1033 590 usum,

140 607 291 651 Quam
311 618 428 646 nunc
449 606 613 649 accisis.
673 605 830 646 Videas
851 611 1009 645 metato
1030 604 1072 645 in
1095 603 1236 657 agello

141 671 255 712 Cum
275 684 422 724 pecore
444 677 485 711 et
505 671 645 724 gnatis
665 670 816 711 fortem
836 670 1029 711 mercede
1049 670 1262 721 colonum,
1410 668 1492 710 115

140 737 239 778 Non
259 749 348 789 ego,
370 743 625 788 narrantem,
647 743 803 776 temere
823 735 892 776 edi
912 735 1007 776 luce
1027 734 1211 788 profesta

140 801 397 854 Quidquam
418 809 580 854 praeter
599 801 695 842 olus
715 801 911 842 fumosae
931 813 1033 841 cum
1053 800 1160 854 pede
1179 811 1348 853 pernae.

140 868 199 907 At
218 867 325 907 mihi
346 880 424 907 seu
444 867 623 921 longum
642 874 737 921 post
756 874 926 920 tempus
946 873 1121 907 venerat
1140 866 1307 919 hospes,

141 931 242 972 Sive
262 945 437 984 operum
458 945 597 973 vacuo
617 940 763 986 gratus
783 933 968 973 conviva
987 945 1061 985 per
1079 932 1259 972 imbrem

141 997 331 1048 Vicinus,
353 998 460 1038 bene
481 1004 581 1050 erat,
603 1011 691 1039 non
710 999 899 1052 piscibus
919 999 1022 1038 urbe
1042 997 1194 1050 petitis,
1412 995 1495 1037 120

141 1063 227 1104 Sed
247 1063 366 1116 pullo
387 1070 515 1116 atque
535 1064 698 1116 hoedo;
730 1071 825 1104 tum
844 1063 1021 1117 pensilis
1041 1076 1131 1103 uva
1150 1062 1364 1104 secundas

142 1128 201 1168 Et
221 1141 314 1169 nux
334 1130 512 1170 ornabat
531 1142 706 1170 mensas
725 1142 828 1170 cum
847 1129 1018 1182 duplice
1039 1128 1139 1170 ficu.

142 1194 245 1234 Post
264 1195 344 1234 hoc
365 1195 496 1235 ludus
516 1203 617 1247 erat,
640 1195 769 1248 culpa
789 1202 931 1248 potare
952 1195 1169 1248 magistra,

141 1259 206 1299 Ac
230 1256 429 1300 vener'ata
449 1261 588 1313 Ceres,
610 1262 670 1301 ita
689 1261 834 1301 culmo
855 1267 1043 1314 surgeret
1062 1260 1160 1312 alto,

143 1324 367 1378 Explicuit
387 1327 489 1366 vino
509 1333 751 1367 contractae
772 1327 880 1366 seria
900 1325 1060 1366 frontis.
1413 1322 1496 1363 125

143 1390 320 1431 Saeviat
340 1399 469 1444 atque
489 1405 622 1432 novos
643 1398 815 1432 moveat
834 1392 1005 1432 fortuna
1025 1391 1239 1430 tumultus
1251 1419 1261 1429 .

143 1456 376 1500 Quantum
389 1457 490 1497 hinc
505 1457 758 1497 imminuet'.z
778 1462 939 1509 quanto
952 1462 1028 1496 aut
1039 1467 1118 1508 ego
1133 1454 1302 1508 parcius
1318 1458 1395 1494 aut
1406 1465 1495 1504 vos,

144 1520 183 1560 Ο
204 1521 334 1572 pueri,
357 1522 554 1573 nituistis,
576 1528 625 1562 ut
643 1522 731 1562 huc
751 1534 892 1562 novus
912 1520 1052 1561 incola
1071 1520 1220 1560 venit'.1

143 1585 258 1625 Nam
278 1587 467 1639 propriae
489 1587 651 1627 telluris
672 1588 824 1627 herum
844 1594 999 1627 natura
1018 1598 1158 1638 neque
1179 1585 1315 1636 illum,

145 1648 239 1690 Nec
260 1663 326 1690 me
348 1663 426 1690 nec
447 1665 713 1703 quemquam
734 1652 881 1691 statuit
899 1665 907 1690 :
938 1663 1016 1690 nos
1036 1649 1204 1702 expulit
1221 1649 1319 1702 ille;
1413 1647 1496 1689 130

143 1714 275 1755 Illum
295 1722 371 1754 aut
390 1716 600 1767 nequities
620 1723 696 1755 aut
716 1715 825 1755 vafri
845 1715 1014 1754 inscitia
1027 1715 1146 1768 juris,

145 1779 414 1820 Postremum
434 1780 617 1832 expellet
636 1786 746 1820 certe
766 1780 955 1820 vivacior
974 1780 1107 1819 heres.

145 1845 273 1886 Nunc
293 1857 394 1897 ager
413 1845 620 1885 Umbreni
640 1845 721 1885 sub
741 1846 924 1897 nomine,
946 1858 1082 1898 nuper
1102 1843 1233 1885 Ofelli

146 1910 310 1961 Dictus,
332 1910 407 1949 erit
428 1910 537 1950 nulli
558 1911 761 1963 proprius,
784 1911 859 1951 sed
879 1911 1001 1951 cedet
1020 1912 1065 1951 in
1086 1923 1217 1951 usum

144 1975 273 2017 Nunc
294 1975 410 2026 mihi,
433 1988 550 2015 nunc
571 1976 657 2016 alii.
717 1977 934 2021 Quocirca
954 1977 1085 2016 vivite
1105 1975 1242 2026 fortes,
1413 1974 1495 2016 135

146 2040 375 2092 Fortiaque
395 2040 585 2081 adversis
605 2043 802 2094 opponite
821 2048 991 2094 pectora
1010 2042 1147 2081 rebuS.

183 2170 257 2204 113.
279 2170 417 2209 lamium
439 2170 564 2207 laetius,
581 2171 619 2202 de
635 2172 718 2212 conj.
810 2171 881 2202 118.
907 2171 969 2208 Ac,
986 2171 1140 2203 Orellius.
1230 2171 1302 2204 128.
1325 2172 1460 2204 vixistis.

453 2223 525 2255 129.
549 2225 684 2263 proprie.
786 2222 856 2254 133.
884 2223 1018 2261 Ofellae,
1036 2225 1190 2257 Orellius.

668 2275 740 2308 134.
764 2275 876 2308 Dictus
890 2283 979 2314 erat„
