1650 2730
191 176 284 223 100

721 185 987 219 OARmtJ'M

663 381 900 421 GARMEN
936 381 1054 420 XXI.

602 521 678 548 AD
728 520 1119 547 AMPHORAM.

383 648 422 688 O
443 653 546 686 nata
566 658 736 685 mecum
755 645 930 684 consule
951 644 1126 695 Manlio,

382 712 470 753 Seu
490 718 536 750 tu
558 710 751 762 querelas
772 710 862 749 sive
883 709 992 762 geris
1004 710 1124 762 jocos

439 776 528 817 Seu
547 775 688 814 rixam
708 781 750 814 et
770 774 944 814 insanos
965 785 1130 813 amores

493 839 583 880 Seu
602 838 783 890 facilem,
805 839 875 891 pia
895 844 1014 890 testa,
1036 848 1262 890 somnum;

382 969 658 1020 Quocunque
679 967 838 1007 lectum
857 967 1034 1007 nomine
1053 966 1292 1008 Massicum

382 1034 550 1083 Servas,
571 1032 731 1072 moveri
751 1032 883 1084 digna
902 1032 1013 1072 bono
1032 1031 1113 1083 die,

437 1096 670 1148 Descende,
692 1097 877 1137 Corvino
891 1097 1078 1149 jubente,

491 1162 686 1202 Promere
709 1160 978 1214 languidiora
995 1160 1110 1201 vina..

378 1290 476 1331 Non
495 1289 577 1340 ille,
598 1301 849 1342 quanquam
869 1289 1093 1345 Socraticis
1114 1286 1263 1329 madet

377 1354 666 1404 Semonibus,
688 1360 730 1393 te
750 1354 936 1406 negliget
955 1352 1173 1393 horridus:
1299 1355 1304 1358 '

433 1419 641 1459 Narratur
660 1424 702 1457 et
721 1418 846 1470 prisci
867 1417 1042 1457 Catonis

491 1483 628 1534 Saepe
648 1494 765 1535 mero
782 1481 964 1539 caluisse
984 1480 1132 1520 virtus.

376 1609 453 1650 'ru
472 1609 566 1649 lene
586 1615 843 1649 tormentum
863 1609 1036 1662 ingenio
1056 1608 1259 1661 admoves

377 1675 634 1726 Plerumque
654 1673 784 1714 duro:
817 1681 864 1714 tu
886 1674 1144 1726 sapientium

432 1739 570 1779 Curas
590 1745 632 1778 et
651 1751 857 1779 arcanum
872 1740 1016 1792 jocoso
1099 1733 1105 1748 ³

488 1803 727 1843 Consilium
747 1804 898 1857 retegis
918 1804 1090 1856 Lyaeo;

377 1932 453 1973 Tu
473 1945 593 1985 spem
613 1932 779 1972 reducis
799 1932 1015 1972 mentibus
1034 1931 1178 1971 anxiis

376 1997 591 2049 Viresque,
614 2004 655 2037 et
675 1997 797 2037 addis
817 2009 977 2036 cornua
996 1994 1186 2048 pauperi,

431 2062 533 2101 Post
553 2068 592 2100 te
616 2074 755 2113 neque
776 2062 902 2101 iratos
924 2059 1118 2099 trementi

488 2126 658 2179 Regum
678 2127 819 2178 apices
838 2137 976 2176 neque
997 2123 1183 2163 militum
1202 2133 1332 2164 arma.

379 2255 448 2296 're
466 2254 605 2305 Liber,
627 2260 678 2304 et,
701 2253 736 2292 si
757 2253 870 2292 laeta
889 2251 1032 2302 aderit,
1054 2251 1211 2303 Venus,

370 2321 626 2374 ‚Segnesque
646 2318 810 2359 nodum
829 2317 991 2357 solvere
1011 2316 1183 2357 Gratiae

579 2448 619 2483 G.
634 2449 700 2481 xxi.
718 2447 768 2480 10.
791 2445 950 2487 negleget,
968 2445 1122 2478 Orelliun.

1471 1350 1525 1391 10

1469 1735 1523 1776 15

1466 2121 1523 2162 20
