1612 2716
595 178 744 216 mm
774 178 827 212 11.
892 176 1004 210 2⁷1.
1379 158 1478 206 288

131 292 333 336 Versibus
352 288 525 331 altemis
544 284 764 340 opprobria
782 282 943 324 rustica
961 278 1086 331 fudit,

132 359 409 410 Libertasque
429 359 689 395 recurrentes
709 355 884 402 accepta
902 359 975 400 per
994 356 1132 386 annos

134 424 259 465 Lusit
277 420 525 470 amabiliter,
546 417 682 458 donec
695 417 787 470 jam
807 425 964 454 saevus
981 416 1173 464 apertam

135 490 188 531 In
207 488 368 529 rabiem
387 485 525 538 coepit
544 483 650 523 verti
665 483 799 536 jocus,
820 486 863 520 et
881 490 955 532 per
974 478 1176 518 honestas

137 555 202 596 Ire
222 554 371 594 domos
391 552 568 604 impune
587 548 750 588 minax.
810 545 995 586 Doluere
1014 547 1191 583 cruento
1403 537 1485 578 150

138 619 278 660 Dente
298 616 507 667 lacessiti;
535 613 620 655 fuit
639 611 811 652 intactis
830 621 1003 662 quoque
1023 619 1128 648 cura

138 683 391 726 Conditione
412 693 539 734 super
557 676 777 719 communi
794 690 804 729 ;
834 675 941 728 quin
961 674 1091 714 etiam
1111 671 1183 712 lex

138 750 366 801 Poenaque
386 747 484 798 lata,
506 745 620 785 malo
639 755 751 796 quae
770 741 901 782 nollet
918 739 1107 781 carmine
1127 748 1378 791 quenquam

140 813 344 855 Describi.
403 812 572 853 Vertere
592 808 782 859 modum,
803 805 1027 847 formidine
1047 804 1174 845 fustis

141 879 210 920 Ad
229 880 336 920 bene
355 876 588 918 dicendum
607 872 994 924 delectandumque
1014 869 1186 910 redacti.
1409 866 1488 907 155

142 944 320 985 Graecia
339 949 466 996 capta
486 941 624 982 ferum
643 940 846 979 victorem
866 937 989 989 cepit,
1010 942 1053 975 et
1072 942 1184 975 artes

143 1009 293 1050 Intulit
312 1007 466 1060 agresti
484 1006 633 1046 Latio:
664 1005 726 1045 sic
746 1002 940 1043 horridus
960 1001 1031 1042 ille
1048 1026 1053 1030 -

148 1072 341 1114 Defluxit
361 1082 565 1112 numerus
586 1069 826 1118 Saturnius,
847 1075 890 1107 et
909 1079 1039 1119 grave
1058 1065 1178 1104 virus

146 1138 387 1180 Munditiae
407 1135 629 1189 pepulere:
660 1133 736 1173 sed
757 1133 802 1172 in
822 1132 1000 1184 longum
1022 1137 1167 1169 tamen
1187 1140 1346 1169 aevum

147 1204 400 1244 Manserunt
419 1200 631 1251 hodieque
651 1203 828 1237 manent
847 1195 1029 1247 vestigia
1048 1195 1168 1234 ruris.
1414 1192 1496 1233 160

147 1269 277 1310 Serus
297 1267 413 1306 enim
433 1265 608 1305 Graecis
629 1262 821 1303 admovit
839 1261 1042 1301 acumina
1061 1259 1230 1310 chartis,

148 1333 206 1374 Et
226 1339 320 1385 post
339 1331 505 1371 Punica
523 1328 636 1369 bella
655 1328 838 1380 quietUS‚
858 1337 1061 1378 quaerere
1081 1324 1228 1376 coepit,

148 1396 271 1443 Quid
290 1395 522 1448 Sophocles
541 1400 583 1433 et
602 1392 792 1444 Thespis
811 1397 854 1431 et
873 1389 1118 1442 Aeschylus
1138 1388 1242 1428 utile
1261 1387 1426 1428 ferrent.

148 1461 356 1503 Tentavit
376 1471 547 1513 quoque
566 1470 666 1508 rem,
688 1457 726 1497 si
744 1455 872 1508 digne
891 1462 1052 1495 vertere
1072 1460 1223 1507 posset,

151 1528 210 1568 Et
228 1526 389 1580 placuit
410 1525 500 1575 sibi,
522 1530 676 1564 natura
697 1521 892 1562 sublimis
911 1527 955 1560 et
974 1533 1095 1572 acer;
1418 1518 1499 1558 165

151 1593 267 1634 Nam
289 1592 420 1644 spirat
438 1590 649 1642 tragicum
669 1588 772 1629 satis
791 1593 835 1627 et
854 1585 1032 1627 feliciter
1051 1584 1210 1637 audet;

152 1658 237 1699 Sed
258 1665 425 1710 turpem
443 1661 566 1708 putat
586 1654 735 1694 inscite
754 1653 992 1705 metuitque
1014 1651 1200 1692 lituram.

153 1722 357 1773 Creditur,
377 1734 434 1761 ex
454 1719 597 1760 medio
616 1720 720 1772 quia
740 1732 806 1759 res
826 1718 1012 1768 arcessit,
1033 1717 1189 1757 habere

153 1788 328 1829 Sudoris
348 1787 587 1837 minimum,
610 1785 686 1825 sed
706 1785 836 1825 habet
854 1783 1077 1824 comoedia
1097 1788 1215 1823 tanto

153 1852 258 1894 Plus
277 1852 426 1902 oneris,
442 1857 605 1902 quanto
625 1851 775 1891 veniae
795 1850 953 1890 minus.
1003 1848 1200 1901 Adspice,
1218 1847 1399 1888 Plautus
1421 1846 1503 1887 170

155 1919 258 1963 Quo
277 1923 401 1970 pacto
419 1923 560 1968 partes
581 1922 740 1956 tutetur
760 1916 947 1955 amantis
966 1914 1130 1967 ephebi,

160 1983 215 2024 Ut
234 1982 364 2035 patris
383 1982 546 2032 attenti,
567 1980 733 2021 lenonis
753 1987 801 2020 ut
819 1979 1011 2020 insidiosi
1028 1993 1038 2031 3

158 2049 364 2092 Quantus
385 2047 438 2086 sit
459 2047 712 2086 Dossennus
731 2044 936 2084 edacibus
957 2044 1002 2084 in
1021 2043 1229 2096 parasitis,

158 2113 307 2156 Quam
330 2123 414 2150 non
434 2110 634 2151 adstricto
653 2115 870 2164 percurrat
887 2109 1053 2162 pulpita
1073 2120 1220 2148 socco:

160 2177 295 2217 Gestit
315 2177 430 2215 enim
449 2188 679 2216 nummum
698 2176 743 2216 in
763 2174 924 2215 loculos
944 2174 1175 2225 demittere,
1196 2179 1292 2227 post
1310 2173 1392 2214 hoc
1422 2173 1503 2213 175

159 2243 356 2291 Securus,
377 2239 505 2279 cadat
525 2253 582 2280 an
602 2247 714 2280 recto
733 2246 815 2280 stet
834 2239 982 2280 fabula
1002 2239 1100 2279 talo.

159 2309 306 2352 Quem
326 2306 423 2346 tulit
442 2305 497 2345 ad
517 2312 694 2346 scenam
711 2312 889 2345 ventoso
908 2305 1054 2345 Gloria
1071 2316 1211 2355 curru,

162 2372 397 2412 Exanimat
417 2370 560 2410 lentus
581 2377 798 2423 spectator,
819 2370 995 2411 sedulus
1015 2369 1138 2410 inflat
1155 2383 1164 2408 :

160 2439 231 2480 Sic
251 2438 355 2489 leve,
376 2436 437 2477 sic
457 2449 639 2490 parvum
657 2443 732 2488 est,
752 2437 949 2479 animum
967 2435 1083 2488 quod
1103 2432 1243 2474 laudis
1263 2443 1445 2473 avarum
