1612 2716
554 223 770 258 mr.
832 222 955 257 ax.
1344 199 1446 260 908

96 330 198 375 Bon
213 321 491 374 r‘dut'verms
507 328 629 371 Eum
647 327 855 383 gravitate
873 327 1071 379 mores,

98 392 1187 449 Gumdeseloquimr,nonutmajorereprensis?
1390 392 1448 434 55

96 461 225 508 Quid
240 468 360 503 vem
376 469 421 502 et
437 469 606 502 nosmet
624 460 767 501 Lucili
780 456 942 514 'scripta
960 459 1151 514 legentoe

99 529 331 579 Quaerere,
350 539 461 569 num
478 526 608 578 Illius,
627 538 737 566 num
755 537 900 566 rerum
918 524 1027 566 dura
1044 524 1213 578 negarit

99 593 342 634 Versiculos
359 599 516 634 natm-a
533 594 675 647 magis
692 592 829 648 factos
846 600 891 633 et
908 599 1062 634 euntes

100 659 288 710 mollius,
307 671 361 700 asc
379 659 419 700 si
435 658 547 712 quis,
565 657 748 712 pedibus
766 657 874 712 quid
892 657 1094 699 claudere
1113 658 1242 710 senis,

100 724 197 766 Hoc
214 731 387 765 tantum
403 731 642 776 contentus,
662 732 778 765 amet
797 724 1016 778 scripsisse
1033 724 1243 765 ducentos
1396 722 1453 764 60

100 791 215 832 Ante
232 791 381 832 cibum
399 803 562 842 versus,
583 790 759 832 totidem
777 797 1010 843 coenatus3
1040 790 1217 831 Etrusci

101 856 250 902 Quale
267 856 352 897 fuit
370 857 496 897 Cassi
514 856 663 910 rapido
681 855 915 897 ferventius
934 856 1054 897 amni

101 922 344 975 Ingenium,
364 923 508 976 capsis
526 935 659 975 quem
677 922 796 963 fama
814 929 880 963 aet
898 935 993 963 ew
1012 922 1217 975 librisque

104 987 366 1028 Ambustum
384 988 573 1041 propriis.
631 989 781 1029 Fuerit
798 988 1007 1039 Luciliu&
1027 988 1220 1041 inquam,

105 1052 253 1092 Comis
270 1059 314 1092 et
331 1053 536 1104 urbanus,
555 1052 684 1094 fuerit
702 1053 887 1094 limatior
905 1053 1032 1104 idem,
1397 1051 1456 1092 65

105 1118 259 1163 Quam
275 1117 396 1158 rudis
414 1124 457 1158 et
475 1118 652 1158 Graecis
670 1119 820 1159 intacti
838 1118 1042 1173 caminis
1061 1124 1222 1169 auctor,

106 1185 343 1236 Quamque
362 1190 585 1236 poetarum
603 1184 820 1224 seniorum
839 1184 989 1235 turba;
1021 1182 1098 1223 sed
1117 1183 1201 1234 ine,

106 1249 155 1291 Si
174 1248 281 1289 soret
299 1249 380 1289 hoc
399 1255 593 1289 nostrum
612 1247 701 1288 fato
718 1248 879 1288 dilatus
898 1249 942 1288 in
964 1261 1135 1298 aevum,
1169 1278 1175 1283 .

108 1315 325 1356 Detereret
343 1315 425 1355 sibi
442 1313 593 1364 multa,
613 1313 815 1353 recideret
833 1326 973 1364 omne,
993 1313 1111 1366 quod
1130 1312 1246 1353 ultra

108 1379 351 1421 Perfectum
369 1379 614 1430 traheretur,
634 1385 677 1419 et
695 1379 743 1419 in
761 1391 891 1419 versu
908 1378 1106 1419 faciendo
1401 1377 1460 1419 70

107 1445 247 1499 Saepe
265 1451 397 1498 caput
415 1445 617 1496 scaberet,
637 1445 763 1484 vivos
781 1452 824 1484 et
842 1443 1007 1484 roderet
1026 1456 1208 1497 ungues.

109 1510 248 1564 Saepe
266 1511 415 1551 stilum
432 1517 584 1561 vertas,
605 1511 760 1551 iterum
778 1523 892 1563 quae
910 1509 1043 1563 digna
1061 1510 1146 1563 legi
1165 1509 1263 1561 sint,

109 1575 380 1628 Scripturus;
409 1588 564 1628 neque,
584 1583 626 1615 te
646 1583 695 1616 ut
714 1576 891 1616 miretur
909 1576 1047 1626 turba,
1068 1568 1248 1627 labores,

110 1640 349 1681 Contentus
368 1641 519 1693 paucis
539 1641 779 1681 lectoribus.
837 1642 910 1681 An
929 1647 1006 1681 tua
1025 1640 1205 1681 demens

110 1707 279 1747 Vilibus
296 1707 343 1748 in
360 1707 475 1748 ludis
494 1707 645 1748 dictari
663 1708 857 1748 carmina
875 1707 1003 1748 malis
1013 1707 1034 1747 '3
1404 1705 1461 1745 ⁷5

110 1772 211 1813 Non
229 1785 329 1825 ego;
348 1785 454 1813 nam
468 1773 572 1813 satis
586 1780 663 1824 oet,
676 1773 867 1825 equitem
880 1773 988 1813 mihi
1006 1771 1222 1826 plaudere,
1236 1778 1287 1812 ut
1300 1770 1461 1821 audax,

112 1837 379 1890 Gonu-mptis
397 1838 505 1890 aliis,
525 1839 704 1891 explosa
722 1838 967 1879 Arbuscula
984 1838 1107 1879 dixit.

113 1902 228 1942 Men'
247 1910 418 1942 moveat
436 1903 580 1943 cimex
599 1903 824 1955 Pantilius,
846 1911 923 1943 aut
941 1904 1113 1953 cruciet,
1133 1902 1251 1955 quod

114 1965 294 2006 Vellicet
310 1967 533 2007 absentem
552 1967 810 2018 Demetrius,
831 1976 909 2007 aut
926 1967 1043 2020 quod
1061 1968 1232 2020 ineptus

114 2032 312 2072 Fannius
330 2032 612 2086 Hermogenis
631 2032 773 2073 laedat
790 2033 973 2072 conviva
993 2032 1186 2086 Tigelli?
1407 2032 1465 2073 8⁰

115 2096 282 2155 Plotius
299 2104 344 2137 et
360 2097 527 2150 Varius,
549 2098 779 2139 Maecenas
799 2098 1099 2151 Virgiliusque,

115 2161 307 2214 Valgius,
326 2170 370 2203 et
386 2164 532 2216 probet
550 2164 658 2204 haec
678 2164 888 2204 Octavius
907 2164 1105 2216 optimus,
1125 2170 1256 2216 atque

117 2226 303 2277 Fuscus,
322 2234 366 2267 et
382 2228 492 2268 haec
510 2229 679 2269 utinam
697 2229 922 2270 Viscorum
940 2228 1089 2270 laudet
1107 2229 1314 2282 uterque!

118 2291 362 2332 Ambitione
380 2292 576 2345 relegata,
596 2300 638 2333 te
655 2293 795 2334 dicere
813 2307 1000 2347 possum,
1045 2347 1051 2350 .
