1612 2716
572 203 641 243 nn
672 209 801 242 urm
832 207 1048 242 Pomm.
1383 190 1494 244 30Βέ

197 310 370 357 scimus
387 314 645 355 inurbanum
667 312 808 366 lepido
827 324 1027 366 seponere
1045 311 1168 363 dicto,

197 380 541 433 legitimumque
561 390 716 418 sonum
735 377 876 430 digitis
895 377 1104 417 callemus
1124 384 1166 418 et
1185 389 1299 417 aure.

198 445 398 498 Ignotum
418 444 601 496 tragicae
621 455 758 496 genus
777 442 990 482 invenisse
1010 442 1228 482 Camenae
1395 442 1478 483 275

199 509 375 559 Dicitur,
395 515 438 548 et
457 508 655 561 plaustris
675 508 843 547 vexisse
863 514 1059 560 poemata
1078 506 1278 559 Thespis,

197 574 327 618 Quae
344 579 545 613 canerent
563 579 819 626 agerentque
839 572 1030 624 peruncti
1050 571 1241 612 faecibus
1260 584 1345 611 ora.

198 637 299 678 Post
317 638 433 678 hunc
452 649 654 690 personae
674 636 898 690 pallaeque
918 643 1098 689 repertor
1117 637 1319 676 honestae

196 702 437 755 Aeschylus
456 710 498 742 et
518 701 694 742 modicis
715 701 909 741 instravit
927 701 1092 754 pulpita
1112 701 1254 754 tignis,

197 767 257 808 Et
274 767 418 807 docuit
437 778 729 819 magnumque
749 765 865 818 loqui
886 765 1049 817 nitique
1068 766 1286 805 cothurno.
1397 763 1481 804 280

187 832 411 872 Successit
430 838 553 871 vetus
571 831 639 871 his
659 830 888 881 comoedia,
910 843 996 870 non
1017 831 1109 870 sine
1129 829 1269 870 multa

193 895 371 948 Laude3
403 895 477 935 sed
498 896 542 936 in
562 896 715 935 vitium
736 895 905 935 libertas
925 894 1084 935 excidit
1103 901 1147 934 et
1166 895 1257 934 vim

200 961 388 1013 Dignam
408 960 500 1013 lege
519 961 606 1013 regi
623 974 632 1000 :
663 960 734 1000 lex
753 967 817 999 est
836 966 1021 1012 accepta,
1042 960 1284 1012 chorusque

199 1025 399 1076 Turpiter
418 1025 602 1075 obticuit,
624 1025 793 1064 sublato
806 1025 900 1078 jure
919 1024 1112 1064 nocendi.

200 1089 272 1130 N1l
292 1090 548 1129 intentatum
567 1089 697 1128 nostri
716 1089 873 1140 liquere
892 1095 1064 1140 poetae3
1397 1086 1482 1127 285

201 1154 291 1195 Nec
310 1154 539 1193 minimum
558 1165 746 1192 meruere
765 1153 906 1202 decus,
927 1152 1107 1204 vestigia
1126 1152 1290 1192 Graeca

199 1219 307 1258 Ausi
326 1218 524 1267 deserere,
545 1224 586 1256 et
604 1217 811 1257 celebrare
830 1217 1061 1256 domestica
1080 1215 1204 1267 facta,

201 1282 279 1321 Vel
297 1282 371 1333 qui
392 1287 630 1334 praetextas
650 1280 719 1320 vel
738 1280 812 1332 qui
832 1279 1011 1319 docuere
1031 1286 1208 1332 togatas,

200 1346 291 1387 Nec
310 1346 464 1386 virtute
483 1345 586 1384 foret
606 1345 814 1396 clarisque
834 1345 1045 1396 potentius
1064 1344 1205 1394 armis,

200 1411 351 1455 Quam
370 1410 527 1462 lingua,
548 1409 733 1460 Latium,
755 1409 790 1448 si
809 1421 896 1448 non
916 1407 1144 1448 offenderet
1163 1420 1318 1450 unum-
1397 1408 1481 1448 290

200 1475 431 1526 Quemque
451 1481 670 1527 poetarum
690 1473 817 1513 limae
837 1473 954 1513 labor
972 1480 1014 1512 et
1035 1485 1162 1512 mora.
1226 1473 1317 1523 Vos,
1338 1485 1364 1512 o

202 1540 436 1592 Pompilius
455 1539 642 1592 sanguis,
663 1550 837 1578 carmen
855 1537 1155 1590 reprehendite,
1177 1537 1294 1589 quod
1311 1549 1396 1577 non

201 1605 341 1645 Multa
360 1604 450 1644 dies
470 1611 511 1644 et
527 1604 664 1644 multa
684 1603 811 1643 litura
829 1603 1023 1653 coercuit,
1046 1610 1174 1654 atque

201 1669 438 1710 Perfectum
458 1669 596 1709 decies
616 1681 702 1708 non
720 1667 944 1720 castigavit
964 1666 1021 1707 ad
1041 1679 1244 1719 unguem.

201 1734 427 1786 Ingenium
446 1733 599 1773 misera
618 1733 720 1785 quia
738 1732 991 1772 fortunatius
1010 1738 1098 1771 arte
1399 1731 1482 1771 295

203 1798 356 1848 Credit,
376 1805 418 1838 et
436 1797 626 1838 excludit
646 1810 772 1837 sanos
790 1797 995 1837 Helicone
1015 1802 1160 1848 poetas

204 1863 482 1912 Democritus,
502 1863 614 1902 bona
633 1875 730 1915 pars
749 1874 835 1902 non
856 1874 1022 1914 ungues
1043 1874 1195 1913 ponere
1213 1867 1349 1912 curat,

206 1926 302 1966 Non
321 1926 506 1976 barbam,
528 1934 686 1966 secreta
706 1927 808 1978 petit
826 1926 930 1976 loca,
951 1926 1105 1966 balnea
1123 1926 1242 1965 vitat.

206 1990 485 2030 Nanciscetur
503 1991 617 2030 enim
635 1991 817 2043 pretium
836 2002 1076 2041 nomenque
1096 1996 1255 2042 poetae,

207 2054 255 2095 Si
274 2054 405 2094 tribus
425 2055 639 2107 Anticyris
658 2061 788 2107 caput
807 2054 1044 2094 insanabile
1064 2066 1290 2106 nunquam
1399 2053 1484 2094 300

208 2118 390 2158 Tonsori
408 2119 556 2159 Licino
575 2119 841 2160 commiserit.
900 2118 938 2159 Ο
960 2131 1038 2171 ego
1057 2118 1219 2170 laevus,

210 2183 301 2226 Qui
321 2195 475 2235 purgor
492 2183 621 2223 bilem
641 2185 721 2224 sub
739 2184 856 2224 verni
876 2184 1073 2236 temporis
1092 2183 1267 2223 horam!

211 2246 309 2286 Non
329 2246 438 2286 alius
457 2245 611 2286 faceret
629 2248 801 2288 meliora
819 2255 1039 2300 poemata;
1070 2260 1222 2288 verum

213 2310 286 2352 Nil
306 2310 411 2350 tanti
430 2317 504 2350 est.
562 2311 677 2363 Ergo
695 2311 849 2364 fungar
867 2313 960 2353 vice
979 2313 1095 2364 cotis,
1116 2318 1293 2355 acutlm
