1612 2716
524 148 736 183 mr.
805 147 948 182 am.
1313 137 1406 185 181

65 250 299 294 Prodiderit
313 251 543 292 comissa
561 251 647 292 fide
666 263 927 305 sponsumve
944 252 1110 306 negarit
1122 251 1144 293 ‘3
1350 253 1407 295 95

64 317 181 363 Quis
199 317 318 371 paria
335 330 429 358 esse
448 316 535 357 fere
554 317 715 370 placuit
734 323 920 371 peccata,
942 316 1147 368 laborant,

65 382 179 423 Cum
192 389 371 422 ventum
386 381 442 422 ad
456 395 607 422 verum
625 389 713 423 est:
743 395 894 423 sensus
914 395 1137 435 moresque
1156 389 1406 436 repugnant,

64 447 206 499 Atque
226 447 318 500 ipsa
338 447 511 497 utilitas,
526 448 631 501 justi
650 460 777 500 prope
797 455 933 488 mater
950 454 993 487 et
1011 448 1152 501 aequi.

64 511 180 551 Cum
198 519 490 564 prorepserunt
509 513 655 564 primis
675 512 880 553 animalia
901 513 1030 564 terris,

64 575 237 616 Mutum
251 583 294 616 et
308 583 427 629 turpe
442 589 584 629 pecu8‚
598 577 799 630 glandem
815 585 945 630 atque
958 578 1119 619 cubilia
1130 585 1295 631 propter
1324 579 1407 620 100

62 641 292 694 Unguibus
310 649 353 682 et
370 642 537 695 pugnis,
557 642 656 683 dein
676 642 871 694 fustibus,
893 650 1022 696 atque
1041 644 1101 684 ita
1119 656 1240 697 porro

63 705 322 759 Pugnabant
339 707 481 758 armis,
502 720 614 759 quae
634 715 727 760 post
747 707 1025 749 fabricaverat
1045 721 1176 749 usus:

63 770 210 811 Donec
229 772 369 823 verba,
390 773 546 824 quibus
565 785 692 813 voces
713 786 950 826 sensusque
971 780 1176 825 notarent,

62 835 333 889 Nominaque
353 837 576 878 invenere:
606 837 763 878 dehinc
783 839 985 879 absistere
1004 839 1126 891 bello,

22 947 25 949 ,
63 900 231 953 Oppida
248 910 476 955 coeperunt
494 903 672 954 munire,
693 910 737 943 et
756 916 909 956 ponere
930 904 1056 956 leges,
1322 905 1405 946 105

63 964 128 1005 Ne
148 966 245 1017 quis
264 965 333 1006 fur
351 975 473 1018 esset,
494 980 581 1007 neu
601 967 719 1019 latro,
740 981 826 1008 neu
845 969 943 1021 quis
963 968 1146 1009 adulter.⁴

64 1029 179 1069 Nam
198 1028 278 1069 fuit
298 1037 397 1070 ante
416 1031 628 1071 Helenam
647 1045 818 1072 cunnus
838 1034 1048 1072 teterrima
1068 1033 1168 1073 belli

63 1095 219 1145 Causa,
241 1094 315 1134 sed
336 1095 490 1146 ignotis
509 1096 721 1147 perierunt
739 1098 945 1137 mortibus
965 1097 1038 1147 illi,

62 1158 188 1202 Quos
208 1159 415 1201 Venerem.
434 1159 638 1198 incertam
658 1161 877 1211 rapientes,
898 1173 1013 1200 more
1032 1160 1228 1212 ferarum,

63 1223 233 1264 Viribus
252 1224 401 1264 editior
419 1223 633 1274 caedebat,
656 1231 704 1264 ut
723 1225 767 1263 in
789 1237 913 1276 grege
933 1231 1094 1265 taurus.
1321 1227 1404 1267 110

62 1290 167 1330 Jura
187 1290 363 1330 inventa
382 1296 500 1329 metu
520 1289 675 1342 injusti,
697 1288 853 1328 fateare
873 1302 1046 1329 necesse
1066 1296 1142 1341 est,

60 1353 276 1407 Tempora
296 1355 332 1394 si
351 1353 567 1405 fastosque
587 1353 694 1393 velis
714 1354 907 1394 evolvere
927 1354 1091 1395 mundi.

61 1418 152 1460 Nec
171 1426 325 1459 natura
343 1424 478 1471 potest
491 1419 607 1471 justo
626 1431 839 1458 secernere
859 1419 1068 1471 iniquum,

60 1483 226 1524 Dividit
244 1489 294 1523 ut
312 1483 424 1523 bona
443 1482 632 1534 diversis,
653 1482 859 1536 fugienda
879 1484 1095 1536 petendis:

60 1547 151 1588 Nec
171 1548 313 1586 vincet
331 1547 437 1586 ratio
457 1548 549 1598 hoc,
571 1543 825 1588 tantundem
845 1556 893 1589 ut
913 1556 1058 1601 peccet
1077 1549 1288 1603 idemque,
1319 1550 1402 1592 115

59 1612 154 1656 Qui
173 1617 335 1651 teneros
354 1612 501 1652 caules
521 1613 647 1653 alieni
668 1613 835 1665 fregerit
853 1614 973 1665 horti,

61 1676 121 1716 Et
139 1676 214 1728 qui
232 1683 466 1716 nocturnus
486 1690 607 1717 sacra
625 1677 775 1718 divum
794 1678 950 1731 legerit.
1009 1679 1134 1720 Adsit

60 1739 239 1792 Regula,
259 1742 441 1793 peccatis
460 1754 572 1793 quae
591 1755 748 1794 poenas
767 1743 919 1796 irroget
938 1757 1123 1797 aequas;

61 1804 127 1844 Ne
148 1805 308 1844 scutica
327 1805 508 1858 dignum
528 1807 715 1847 horribili
734 1815 890 1848 sectere
909 1809 1091 1862 flagello.

61 1868 188 1919 Nam,
209 1876 257 1908 ut
274 1869 410 1910 semla
428 1870 584 1911 caedas
603 1873 803 1913 meritum
823 1875 982 1927 majora
1002 1875 1143 1916 subire
1320 1876 1403 1918 120

64 1934 257 1984 Verbera,
277 1947 363 1974 non
382 1947 537 1986 vereor,
558 1949 660 1976 cum
679 1937 799 1977 dicas
819 1951 910 1978 esse
931 1952 1053 1991 pares
1072 1953 1139 1980 res

63 1998 200 2038 Furta
218 1998 445 2040 latrociniis
464 2007 506 2040 et
524 2001 693 2054 magnis
713 2014 845 2054 parva
866 2004 1038 2044 mineris

63 2061 195 2102 Falce
214 2063 447 2104 recisurum
465 2065 593 2105 simili
612 2072 664 2116 te,
686 2066 722 2106 si
741 2067 816 2107 tibi
835 2080 1016 2120 regnum

63 2126 315 2166 Permittant
333 2127 536 2170 homines.
594 2131 640 2172 Si
660 2131 791 2182 dives,
811 2133 886 2184 qui
906 2134 1076 2186 sapiens
1095 2140 1171 2186 est,

65 2190 124 2230 Et
143 2197 259 2229 sutor
277 2191 414 2230 bonus
432 2199 474 2231 et
492 2194 607 2233 solus
626 2194 834 2236 formosus
853 2204 894 2236 et
913 2204 977 2237 est
996 2211 1094 2239 rex:
1320 2199 1400 2240 125

65 2254 154 2295 Cur
172 2260 292 2306 optas
311 2254 426 2306 quod
445 2255 575 2295 habes
591 2257 764 2299 tt-Non
785 2262 906 2311 nosti,
928 2263 1031 2313 quid
1052 2270 1168 2315 pater
1187 2264 1335 2315 inquit,

65 2319 331 2371 Chrysippus
351 2318 486 2359 dicat:
517 2320 695 2372 Sapiens
714 2325 904 2376 crepidas
925 2327 1003 2366 sibi
1024 2339 1247 2377 nunquam

66 2383 156 2423 Nec
175 2382 311 2423 soleas
331 2381 454 2434 fecit3
485 2390 600 2424 sutor
619 2392 761 2427 tamen
781 2396 845 2429 est
863 2390 1031 2442 sapiens
1042 2389 1211 2435 tt—Qui
1225 2390 1303 2431 2²—-
