1612 2716
186 158 280 210 170
708 169 993 203 sumnum

238 277 343 322 Quo
362 288 452 316 rem
470 274 696 315 deducam.
756 273 803 314 Si
823 273 921 326 quis
941 272 1060 324 deus,
1082 271 1154 313 En
1173 284 1264 326 ego,
1280 270 1407 323 dicat,
1478 271 1532 313 15

238 342 339 383 Jam
358 341 516 381 faciam
535 339 652 392 quod
671 338 804 378 vultis
822 353 830 378 :
862 339 943 378 eris
963 345 1022 389 tu,
1044 338 1119 390 qui
1138 336 1266 378 modo
1285 337 1420 388 miles,

238 408 473 448 Mercator:
505 412 564 456 tn,
586 404 810 444 consultus
831 403 969 454 modo,
991 403 1200 443 rusticus:
1231 402 1334 443 hinc
1355 415 1443 454 vos,

239 472 326 512 Vos
346 471 447 511 hinc
468 470 644 510 mutatis
665 468 870 508 discedite
891 468 1092 521 partibus.
1151 467 1260 508 Eia!

240 536 363 581 Quid
384 535 505 575 statis
518 535 744 575 'Z—nolint.
804 534 937 586 Atqui
958 534 1056 573 licet
1075 546 1168 573 esse
1189 532 1335 572 beatis.

240 600 364 646 Quid
383 613 542 641 causae
562 606 637 651 est,
659 599 808 639 merito
828 599 935 651 quin
955 598 1041 639 illis
1059 598 1225 652 Jupiter
1244 598 1396 638 ambas
1479 596 1536 638 20

239 666 383 707 Iratus
402 666 562 706 buccas
583 664 714 716 inflet,
735 677 875 716 neque
896 677 941 704 se
962 663 1048 704 fore
1068 663 1247 716 posthac

240 731 359 771 Tam
379 729 550 771 facilem
569 729 695 781 dicat,
716 730 826 769 votis
847 736 895 769 ut
914 729 1115 782 praebeat
1133 727 1312 770 aurem?

242 795 477 846 Praeterea,
498 807 552 835 ne
575 795 646 846 sic,
668 801 718 834 ut
737 795 813 847 qui
825 794 1045 848 jocularia,
1067 793 1210 834 ridens

241 861 492 901 Percurram
506 872 827 912 z—quanquam
847 859 1058 899 ridentem
1079 858 1218 898 dicere
1238 869 1390 898 verum

243 925 366 970 Quid
385 931 502 965 vetat
514 925 533 964 ’.ῖ
563 931 611 964 ut
629 924 773 977 pueris
792 923 896 964 olim
915 923 1022 963 dant
1039 922 1231 963 crustula
1249 922 1398 963 blandi
1481 921 1538 963 25

243 991 458 1041 Doctores,
475 989 687 1035 elementa
706 989 841 1029 velint
860 994 908 1028 ut
928 987 1089 1028 discere
1109 988 1248 1041 prima
1262 1001 1331 1041 3—-

243 1054 330 1096 Sed
349 1061 495 1094 tamen
515 1059 657 1093 amoto
678 1065 939 1105 quaeramus
960 1053 1072 1093 seria
1091 1052 1206 1093 ludo.

243 1119 321 1160 Ille
355 1131 530 1172 gravem
550 1118 657 1158 duro
677 1123 832 1157 terram
851 1118 928 1169 qui
947 1118 1073 1158 vertit
1092 1124 1240 1168 aratro,

243 1184 439 1224 Perfidus
459 1184 530 1223 hic
550 1195 699 1234 caup0,
722 1182 855 1233 miles,
875 1188 1130 1235 nautaeque,
1151 1195 1226 1235 per
1243 1194 1370 1223 omne

243 1249 443 1290 Audaces
465 1261 582 1288 mare
603 1247 678 1300 qui
699 1253 888 1298 currunt,
909 1247 993 1288 hac
1012 1254 1157 1288 mente
1177 1247 1364 1288 laborem
1481 1245 1538 1287 30

243 1315 346 1356 Sese
366 1314 482 1364 ferre,
505 1325 627 1352 senes
647 1318 696 1352 ut
715 1312 760 1352 in
780 1312 866 1352 otia
885 1318 978 1352 tuta
997 1313 1207 1364 recedant,

243 1380 390 1430 Aiunt,
412 1391 514 1418 cum
534 1378 614 1418 sibi
635 1377 720 1417 sint
739 1383 942 1430 congesta
961 1378 1146 1418 cibaria:
1177 1378 1289 1418 sicut

242 1443 443 1495 Parvula,
466 1455 570 1483 nam
589 1441 787 1494 exemplo
807 1447 881 1492 est,
903 1442 1051 1494 magni
1069 1441 1246 1482 formica
1265 1441 1420 1483 laboris

243 1509 328 1549 Ore
348 1509 477 1548 trahit
496 1506 785 1559 quodcunque
805 1511 942 1558 potest
961 1512 1090 1558 atque
1109 1506 1229 1547 addit
1248 1519 1412 1559 acervo,

243 1573 391 1617 Quem
411 1572 546 1623 struit,
567 1571 719 1611 haud
708 1583 859 1623 lgnara
879 1583 930 1610 ac
950 1583 1038 1611 non
1058 1571 1232 1611 incauta
1250 1570 1395 1612 futuri.
1481 1570 1536 1612 35

243 1637 383 1687 Quae,
407 1637 567 1676 simul
557 1648 777 1675 inversum
797 1635 1019 1676 contristat
1037 1635 1254 1686 Aquarius
1273 1647 1452 1710 annum,

243 1701 341 1740 Non
362 1713 550 1752 usquam
570 1700 762 1751 prorepit,
783 1706 825 1738 et
844 1699 928 1738 illis
948 1699 1082 1738 utitur
1101 1705 1200 1738 ante

242 1765 465 1809 Quaesitis
486 1764 667 1816 sapiens,
688 1774 790 1802 cum
811 1769 851 1802 te
871 1775 1010 1815 neque
1031 1762 1220 1804 fervidus
1240 1770 1387 1805 aestus

241 1829 481 1870 Demoveat
501 1828 631 1879 lucro,
652 1841 791 1880 neque
812 1828 962 1879 hiems,
985 1828 1109 1880 ignis,
1129 1841 1258 1881 mare,
1279 1829 1450 1882 ferrum,
1607 1863 1612 1867 .

242 1894 314 1935 Nil
334 1895 470 1934 obstet
490 1893 575 1944 tibi,
597 1893 703 1933 dum
723 1906 777 1933 ne
799 1894 852 1933 sit
872 1899 913 1933 te
935 1893 1058 1933 ditior
1078 1893 1194 1934 alter.
1478 1894 1536 1936 40
1609 1886 1612 1913 3

241 1959 365 2004 Quid
379 1960 514 2012 juvat,
537 1959 799 1999 immensum
819 1965 859 1998 te
879 1958 1042 2011 argenti
1062 1958 1231 2011 pondus
1250 1964 1293 1999 et
1311 1959 1406 2000 auri

242 2024 412 2065 Furtim
431 2023 600 2063 defossa
619 2024 821 2064 timidum
841 2024 1048 2076 deponere
1069 2030 1177 2063 terra
1188 2023 1265 2062 2-

243 2088 377 2134 Quod
410 2089 445 2127 si
466 2089 746 2139 comminuas,
769 2089 899 2128 vilem
919 2087 1133 2140 redigatur
1152 2087 1207 2127 ad
1227 2100 1436 2129 assem.—

242 2155 310 2204 At,
332 2154 376 2193 ni
396 2153 439 2193 id
461 2154 519 2205 fit,
541 2154 645 2205 quid
665 2155 793 2194 habet
812 2153 979 2206 pulchri
999 2159 1266 2194 constructus
1286 2165 1464 2194 acervus
1477 2153 1498 2193 ’ἔ

244 2219 382 2260 Millia
401 2218 603 2258 frumenti
624 2226 699 2259 tua
720 2219 878 2259 triverit
898 2231 996 2258 area
1015 2225 1199 2269 centum,
1476 2218 1533 2259 45

243 2284 342 2325 Non
363 2290 462 2323 tuus
483 2283 563 2323 hoc
584 2285 722 2336 capiet
741 2289 888 2324 venter
907 2283 1005 2336 plus
1025 2295 1076 2323 ac
1096 2295 1243 2323 meus:
1274 2287 1323 2323 ut
1343 2282 1380 2323 si

234 2395 285 2428 19.
308 2393 440 2432 nolent3
462 2392 582 2424 nolunt.
642 2392 695 2424 23.
721 2393 900 2424 Praetereo.
955 2391 1009 2423 29.
1033 2391 1175 2424 Perfidus
1188 2391 1241 2423 hic
1255 2401 1372 2431 campo
1385 2391 1489 2425 mileo.

717 2445 769 2476 46.
794 2454 888 2483 quam
905 2454 1003 2476 meus.
