1612 2716
577 169 810 206 mn.
872 168 1004 204 ιιι
1364 152 1470 205 m

600 369 883 411 EPISTOLA
923 368 981 409 II.

467 512 541 540 An
578 510 810 540 JULIUM
851 510 1119 539 FLORUM.

231 630 367 682 Flore,
386 629 498 670 bono
517 628 715 682 claroque
734 627 873 669 fidelis
893 627 1030 668 amice
1049 625 1220 678 Neroni,

175 696 223 738 Si
242 696 339 749 quis
358 695 462 736 forte
481 694 584 734 velit
602 706 783 747 puemm
803 693 878 734 tibi
897 692 1080 733 vendere
1100 698 1253 751 natum

175 761 339 803 Tibure
358 760 429 801 vel
448 760 606 811 Gabiis,
626 767 669 800 et
687 766 830 799 tecum
851 758 911 799 sic
932 765 1032 812 agat
1050 758 1213 809 z—Hic,
1233 763 1275 798 et

176 825 400 867 Candidus
419 832 462 866 et
480 825 588 866 talos
608 838 636 865 a
654 825 809 865 vertice
830 823 1007 878 pulcher
1026 823 1083 863 ad
1102 823 1221 874 imos,

177 893 273 932 Fiet
291 892 452 944 eritque
472 897 573 930 tuus
592 903 867 930 nummorum
887 889 1077 930 millibus
1096 896 1201 940 octe,
1435 887 1463 927 5

176 957 317 997 Verna
336 957 577 997 ministeriis
596 955 652 996 ad
672 963 800 996 natus
820 963 946 1009 aptus
965 955 1154 1006 heriles,-

177 1018 394 1062 Litterulis
413 1022 586 1061 Graecis
606 1022 807 1068 imbutus,
829 1011 1007 1062 idoneus
1027 1021 1107 1061 arti

177 1086 363 1128 Cuilibet
379 1100 389 1137 ;
420 1086 570 1139 argilla
588 1086 759 1138 quidvis
779 1087 1013 1127 imitabitur
1031 1086 1139 1138 uda;

177 1152 302 1197 Quin
321 1151 451 1191 etiam
468 1158 594 1191 canet
613 1150 843 1202 indoctum,
866 1150 941 1191 sed
960 1151 1086 1191 dulce
1105 1151 1276 1191 bibenti.

178 1216 319 1257 Multa
339 1215 470 1256 fidem
488 1216 696 1268 promissa
715 1215 871 1266 levant,
893 1216 966 1256 ubi
985 1216 1154 1268 plenius
1174 1228 1312 1269 aequo
1411 1216 1466 1257 10

177 1281 351 1322 Laudat
370 1281 556 1332 venales,
578 1281 653 1333 qui
672 1281 767 1320 vult
786 1279 1022 1331 extrudere,
1043 1293 1215 1320 merces.

177 1347 265 1388 Res
284 1353 406 1398 urget
424 1358 494 1386 me
514 1346 661 1386 nulla:
691 1358 787 1386 meo
807 1358 904 1386 sum
924 1358 1086 1399 pauper
1105 1346 1150 1386 in
1170 1359 1277 1386 aere.

174 1411 317 1453 Nemo
338 1411 420 1451 hoc
440 1423 707 1464 mangonum
726 1410 882 1450 faceret
901 1411 1000 1463 tibi;
1031 1423 1118 1451 non
1139 1417 1294 1451 temere
1314 1424 1341 1451 a
1358 1423 1428 1452 me

179 1477 340 1522 Quivis
359 1476 481 1516 ferret
500 1475 625 1516 idem.
684 1476 827 1517 Semel
846 1476 917 1516 hic
937 1477 1131 1528 cessavit,
1153 1483 1206 1528 et,
1227 1484 1276 1517 ut
1294 1476 1354 1528 fit,

179 1541 231 1582 In
252 1542 378 1582 scalis
398 1542 532 1593 latuit,
553 1548 748 1582 metuens
767 1541 992 1594 pendentis
1011 1542 1205 1582 habenae
1221 1557 1289 1583 2—-
1413 1543 1467 1584 15

180 1608 269 1648 Des
288 1620 499 1658 nummoS‚
513 1613 699 1660 'excepta
717 1607 826 1647 nihil
846 1613 887 1647 te
907 1607 943 1647 si
962 1606 1067 1661 fuga
1086 1607 1253 1662 laedat3

180 1673 259 1715 Ille
278 1672 388 1715 ferat.
402 1672 763 1726 pretiumpoenae
783 1685 970 1724 securuS‚
992 1674 1149 1727 opinor.

179 1737 375 1778 Prudens
393 1737 532 1778 emisti
551 1738 777 1790 vitiosum;
809 1737 923 1778 dicta
943 1738 1018 1779 tibi
1037 1745 1101 1779 est
1121 1738 1216 1779 lex:

181 1802 423 1853 Insequeris
442 1808 587 1842 tamen
605 1802 724 1843 hunc
743 1808 786 1843 et
804 1802 877 1843 lite
896 1804 1074 1844 moraris
1093 1803 1275 1858 iniqua?

184 1865 290 1906 Dixi
307 1878 377 1905 me
396 1865 564 1917 pigrum
581 1866 863 1920 proficiscenti
882 1869 968 1920 tibi,
990 1868 1082 1910 dixi
1412 1869 1470 1912 20

185 1927 370 1969 Talibus
389 1929 538 1970 officiis
556 1943 682 1984 prope
702 1944 918 1984 mancum,
939 1944 994 1974 ne
1013 1947 1110 1974 mea
1129 1935 1285 1976 saevus

186 1993 213 2035 J
215 2006 385 2046 urgares
405 1993 460 2034 ad
479 2001 520 2034 te
540 1994 655 2047 quod
674 1995 852 2048 epistola
869 1997 992 2037 nulla
1010 1998 1173 2039 rediret.

187 2057 310 2102 Quid
330 2065 422 2098 tum
439 2058 606 2112 profeci,
626 2072 798 2101 mecum
817 2060 1017 2102 facientia
1028 2064 1128 2117 jura

188 2122 236 2163 Si
255 2128 399 2162 tamen
417 2124 631 2164 attentas?
687 2126 890 2170 Quereris
910 2139 1037 2180 super
1055 2128 1137 2168 hoc
1156 2128 1297 2181 etiam,
1317 2128 1432 2182 quod

189 2186 451 2239 Exspectata
470 2187 545 2227 tibi
563 2201 649 2229 non
668 2190 835 2232 mittam
854 2192 1045 2249 carmina
1063 2193 1266 2235 mendax.
1414 2194 1470 2234 25

190 2250 346 2292 Lucilli
366 2251 487 2290 miles
505 2251 681 2293 collecta
699 2255 855 2296 viatica
874 2257 1022 2298 multis

189 2316 429 2367 Aerumnis,
450 2315 589 2357 lassus
607 2317 713 2360 dum
730 2326 860 2361 noctu
878 2323 1022 2375 stertit,
1042 2322 1101 2364 ad
1118 2335 1260 2365 assem

643 2445 683 2479 E.
697 2449 731 2480 ii.
745 2448 800 2482 22.
821 2452 955 2483 veniret.
