1650 2730
565 180 1001 220 LmL'c.xv.

219 290 536 346 Nequidquam,
556 289 732 331 Veneris
749 287 959 342 praesidio
977 285 1110 339 ferox,

219 358 369 400 Pectes
387 357 632 407 caesariem,
654 361 863 408 grataque
881 352 1055 394 feminis

219 422 389 464 Imbelli
407 423 573 462 cithara
592 421 785 461 earmina
804 418 971 460 divides
988 433 998 459 :

275 487 583 542 Nequidquam
602 486 796 528 thalamo
815 497 969 539 graves

219 619 380 660 Hastas
398 626 440 659 et
458 617 617 659 calami
636 616 803 670 spicula
823 615 971 657 Cnosii

220 684 396 736 vitabis,
417 684 736 736 strepitumque,
756 689 800 722 et
816 682 999 722 celerem
1017 681 1142 734 sequi

221 750 424 804 Ajacem:
454 756 599 790 tamen
632 749 718 789 heu
739 761 858 789 serus
877 747 1092 789 adulteros

277 816 426 856 Crines
445 815 621 868 pulvere
640 814 830 855 collinus

220 945 318 987 Non
336 945 605 997 Laertiadem
625 945 808 986 exitium
827 951 928 986 tuae

222 1011 360 1062 Genti,
380 1024 468 1052 non
488 1011 663 1064 Pylium
682 1011 863 1052 Nestora
880 1011 1054 1064 respicis
1065 1010 1089 1051 ’.ἲ

221 1076 386 1128 Urgent
404 1076 609 1129 impavidi
629 1084 670 1116 te
690 1076 955 1117 Salaminius

279 1141 452 1182 Teucer
469 1148 512 1181 et
530 1139 761 1182 Sthenelus
781 1142 920 1182 sciens

221 1270 412 1323 Pugnae,
432 1270 523 1310 sive
541 1282 650 1323 opus
668 1276 732 1310 est
752 1270 991 1322 imperitare
1010 1270 1144 1322 equis,

223 1335 322 1376 Non
340 1335 491 1388 auriga
510 1335 639 1388 piger.
699 1335 918 1376 Merionen
937 1348 1110 1387 quoque

222 1400 395 1442 Nosces.
453 1400 569 1440 Ecce
589 1400 691 1441 furit
710 1407 752 1440 te
772 1401 952 1453 reperire
971 1407 1095 1441 atrox

279 1465 486 1518 Tydides,
506 1465 656 1506 melior
671 1472 815 1519 patre:

223 1595 373 1640 Quem
390 1602 450 1647 tu,
469 1608 624 1636 cervus
643 1596 707 1636 uti
725 1596 853 1636 vallis
872 1596 918 1636 in
937 1595 1072 1636 altera

223 1660 376 1700 Visum
394 1667 511 1713 parte
530 1660 683 1714 lupum
702 1662 908 1714 graminis
926 1661 1160 1713 immemor,

223 1724 407 1766 Sublimi
426 1725 565 1778 fugies
583 1726 724 1766 mollis
743 1726 949 1779 anhelitu,

279 1789 378 1831 Non
395 1790 488 1831 hoe·
496 1791 710 1844 pollicitus
729 1798 842 1833 tuae.

224 1919 438 1960 Isaeunda
456 1920 571 1961 diem
589 1920 768 1974 proferet
786 1921 866 1962 Ilio

225 1984 514 2038 Matronssque
533 1986 759 2040 Phrygum
776 1987 927 2027 classis
945 1987 1130 2029 Achillei
1145 2002 1157 2041 ;

226 2047 327 2089 Post
344 2057 479 2091 certas
498 2051 662 2092 hiemes
681 2059 775 2093 uret
793 2052 1013 2094 Achaicus

280 2114 399 2167 Ignis
418 2116 574 2157 Iliacas
593 2117 754 2158 domos.

395 2245 450 2279 2⁰.
472 2246 595 2279 culm
813 2247 936 2285 21,22.
959 2247 1181 2282 Num—num.

246 2297 956 2344 MTmoer‚te;Teuoerqueet,deoonj.
1096 2302 1332 2335 Sam

648 2353 704 2386 36.
726 2354 932 2395 Pergamena.

1390 153 1530 236 ur

1400 415 1455 457 15
